
<marc:record><marc:leader>00599nam a2200181Ia 4500</marc:leader>
<marc:controlfield tag="005">20200207095100.0</marc:controlfield>
<marc:controlfield tag="008">200207s2019    bl            000 0 por d</marc:controlfield><marc:datafield tag="040" ind1=" " ind2=" "><marc:subfield code="a">USP/SIBI</marc:subfield></marc:datafield><marc:datafield tag="041" ind1="0" ind2=" "><marc:subfield code="a">por</marc:subfield></marc:datafield><marc:datafield tag="044" ind1=" " ind2=" "><marc:subfield code="a">bl</marc:subfield></marc:datafield><marc:datafield tag="245" ind1="0" ind2="0"><marc:subfield code="a">Rio XXI</marc:subfield><marc:subfield code="b">vertentes contemporâneas</marc:subfield><marc:subfield code="c">organização Paulo Herkenhoff</marc:subfield></marc:datafield><marc:datafield tag="260" ind1=" " ind2=" "><marc:subfield code="a">Rio de Janeiro</marc:subfield><marc:subfield code="b">Fundação Getúlio Vargas</marc:subfield><marc:subfield code="c">2019</marc:subfield></marc:datafield><marc:datafield tag="300" ind1=" " ind2=" "><marc:subfield code="a">288 p</marc:subfield><marc:subfield code="b">il.</marc:subfield><marc:subfield code="c">25 cm</marc:subfield></marc:datafield><marc:datafield tag="546" ind1=" " ind2=" "><marc:subfield code="a">Texto em português e inglês</marc:subfield></marc:datafield><marc:datafield tag="650" ind1=" " ind2="7"><marc:subfield code="a">ARTES</marc:subfield><marc:subfield code="z">RIO DE JANEIRO (RJ)</marc:subfield><marc:subfield code="2">larpcal</marc:subfield></marc:datafield><marc:datafield tag="650" ind1=" " ind2="7"><marc:subfield code="a">POLÍTICA CULTURAL</marc:subfield><marc:subfield code="y">SÉCULO 21</marc:subfield><marc:subfield code="z">RIO DE JANEIRO</marc:subfield><marc:subfield code="2">larpcal</marc:subfield></marc:datafield><marc:datafield tag="700" ind1="1" ind2=" "><marc:subfield code="a">Herkenhoff, Paulo</marc:subfield><marc:subfield code="d">1949-</marc:subfield><marc:subfield code="4">org</marc:subfield></marc:datafield><marc:datafield tag="945" ind1=" " ind2=" "><marc:subfield code="a">L</marc:subfield><marc:subfield code="b">LIVRO</marc:subfield><marc:subfield code="c">01</marc:subfield></marc:datafield></marc:record>