
<marc:record><marc:leader>00663nam a2200217Ia 4500</marc:leader>
<marc:controlfield tag="005">20190916160300.0</marc:controlfield>
<marc:controlfield tag="008">190916s2019    bl            000 0 por d</marc:controlfield><marc:datafield tag="020" ind1=" " ind2=" "><marc:subfield code="a">9788553190133</marc:subfield></marc:datafield><marc:datafield tag="040" ind1=" " ind2=" "><marc:subfield code="a">USP/SIBI</marc:subfield></marc:datafield><marc:datafield tag="041" ind1="0" ind2=" "><marc:subfield code="a">por</marc:subfield></marc:datafield><marc:datafield tag="041" ind1="0" ind2=" "><marc:subfield code="a">eng</marc:subfield></marc:datafield><marc:datafield tag="044" ind1=" " ind2=" "><marc:subfield code="a">bl</marc:subfield></marc:datafield><marc:datafield tag="245" ind1="1" ind2="0"><marc:subfield code="a">AI-5 50 anos</marc:subfield><marc:subfield code="b">ainda não terminou de acabar</marc:subfield><marc:subfield code="c">curadoria Paulo Miyada ; tradução Julia Lima</marc:subfield></marc:datafield><marc:datafield tag="246" ind1="1" ind2="0"><marc:subfield code="a">AI-5 50 years</marc:subfield><marc:subfield code="b">it still isn´t over yet</marc:subfield></marc:datafield><marc:datafield tag="260" ind1=" " ind2=" "><marc:subfield code="a">São Paulo</marc:subfield><marc:subfield code="b">Instituto Tomie Ohtake</marc:subfield><marc:subfield code="c">2019</marc:subfield></marc:datafield><marc:datafield tag="300" ind1=" " ind2=" "><marc:subfield code="b">il</marc:subfield><marc:subfield code="c">22 cm</marc:subfield></marc:datafield><marc:datafield tag="650" ind1=" " ind2="7"><marc:subfield code="a">EXPOSIÇÕES DE ARTE</marc:subfield><marc:subfield code="2">larpcal</marc:subfield></marc:datafield><marc:datafield tag="650" ind1=" " ind2="7"><marc:subfield code="a">CATÁLOGO DE EXPOSIÇÃO</marc:subfield><marc:subfield code="2">larpcal</marc:subfield></marc:datafield><marc:datafield tag="700" ind1="1" ind2=" "><marc:subfield code="a">Miyada, Paulo</marc:subfield><marc:subfield code="4">cur</marc:subfield></marc:datafield><marc:datafield tag="700" ind1="1" ind2=" "><marc:subfield code="a">Lima, Julia</marc:subfield><marc:subfield code="4">trad</marc:subfield></marc:datafield><marc:datafield tag="945" ind1=" " ind2=" "><marc:subfield code="a">L</marc:subfield><marc:subfield code="b">LIVRO</marc:subfield><marc:subfield code="c">01</marc:subfield></marc:datafield></marc:record>