
<marc:record><marc:leader>02103nam a2200313 a 4500</marc:leader>
<marc:controlfield tag="005">20191104115000.0</marc:controlfield>
<marc:controlfield tag="008">140129s2019    bl a          000 0bpor d</marc:controlfield><marc:datafield tag="020" ind1=" " ind2=" "><marc:subfield code="a">9788531000713</marc:subfield></marc:datafield><marc:datafield tag="040" ind1=" " ind2=" "><marc:subfield code="a">USP/SIBI</marc:subfield></marc:datafield><marc:datafield tag="041" ind1="0" ind2=" "><marc:subfield code="a">por</marc:subfield></marc:datafield><marc:datafield tag="044" ind1=" " ind2=" "><marc:subfield code="a">bl</marc:subfield></marc:datafield><marc:datafield tag="092" ind1="0" ind2=" "><marc:subfield code="a">759.981</marc:subfield></marc:datafield><marc:datafield tag="110" ind1="2" ind2=" "><marc:subfield code="a">Museu de Arte de São Paulo Assis Chateaubriand</marc:subfield></marc:datafield><marc:datafield tag="245" ind1="1" ind2="0"><marc:subfield code="a">Tarsila popular</marc:subfield><marc:subfield code="c">organização editorial e curadoria Adriano Pedrosa, Fernando Oliva</marc:subfield></marc:datafield><marc:datafield tag="260" ind1=" " ind2=" "><marc:subfield code="a">São Paulo</marc:subfield><marc:subfield code="b">Museu de Arte de São Paulo Assis Chateaubriand</marc:subfield><marc:subfield code="c">2019</marc:subfield></marc:datafield><marc:datafield tag="300" ind1=" " ind2=" "><marc:subfield code="a">238 p</marc:subfield><marc:subfield code="b">il</marc:subfield><marc:subfield code="c">28 cm</marc:subfield></marc:datafield><marc:datafield tag="500" ind1=" " ind2=" "><marc:subfield code="a">Catálogo da exposição Tarsila Popular, realizada no MASP, de 5 de abril a 28 de julho de 2019</marc:subfield></marc:datafield><marc:datafield tag="504" ind1=" " ind2=" "><marc:subfield code="a">Reproduções dos trabalhos. Álbum de viagem. Lista de trabalhos na exposição (p. 324-330). Histórico de exposições (p. 332-344). Bibliografia (p. 346-352)</marc:subfield></marc:datafield><marc:datafield tag="505" ind1="0" ind2=" "><marc:subfield code="a">Tarsila no MASP / Adriano Pedrosa, Fernando Oliva -- Plasticidade e reprodução: A Negra de Tarsila do Amaral / Irene V. Small -- Tanto paulista quanto parisiense: o pensamento racial em A Negra / Maria Castro -- Outras negras / Renata Bittencourt -- Tarsila do Amaral: descendente direta de Brás Cubas / Amanda Carneiro -- Na caverna de Tarsila: sobrevivências do primitivo como presença não colonial / Michele Bete Petry, Maria Bernardete Ramos Flores -- As duas e a única Tarsila / Paulo Herkenhoff -- Para francês ver: as paisagens brasileiras de Tarsila do Amaral / Michele Greet -- Traços de São Paulo na fase Pau- Brasil de Tarsila / Mari Rodriguez Binbnie -- Tarsila do Amaral: a substituição de importações estéticas / Sergio Miceli</marc:subfield></marc:datafield><marc:datafield tag="590" ind1=" " ind2=" "><marc:subfield code="a">Na Biblioteca do IEB o exemplar n.2 é uma edição limitada de n. 089/250</marc:subfield></marc:datafield><marc:datafield tag="600" ind1="1" ind2="7"><marc:subfield code="a">Amaral, Tarsila do</marc:subfield><marc:subfield code="d">1886-1973</marc:subfield><marc:subfield code="2">larpcal</marc:subfield></marc:datafield><marc:datafield tag="650" ind1=" " ind2="7"><marc:subfield code="a">ARTE MODERNA</marc:subfield><marc:subfield code="y">SÉCULO 20</marc:subfield><marc:subfield code="z">BRASIL</marc:subfield><marc:subfield code="2">larpcal</marc:subfield></marc:datafield><marc:datafield tag="650" ind1=" " ind2="7"><marc:subfield code="a">PINTURA</marc:subfield><marc:subfield code="y">SÉCULO 20</marc:subfield><marc:subfield code="z">BRASIL</marc:subfield><marc:subfield code="2">larpcal</marc:subfield></marc:datafield><marc:datafield tag="650" ind1=" " ind2="7"><marc:subfield code="a">MODERNISMO</marc:subfield><marc:subfield code="y">SÉCULO 20</marc:subfield><marc:subfield code="z">BRASIL</marc:subfield><marc:subfield code="2">larpcal</marc:subfield></marc:datafield><marc:datafield tag="650" ind1=" " ind2="7"><marc:subfield code="a">EXPOSIÇÕES DE ARTE</marc:subfield><marc:subfield code="y">SÉCULO 21</marc:subfield><marc:subfield code="z">SÃO PAULO (SP)</marc:subfield><marc:subfield code="2">larpcal</marc:subfield></marc:datafield><marc:datafield tag="656" ind1=" " ind2="7"><marc:subfield code="a">PINTORES</marc:subfield><marc:subfield code="z">BRASIL</marc:subfield><marc:subfield code="2">larpcal</marc:subfield></marc:datafield><marc:datafield tag="700" ind1="1" ind2=" "><marc:subfield code="a">Pedrosa, Adriano</marc:subfield><marc:subfield code="4">org</marc:subfield></marc:datafield><marc:datafield tag="700" ind1="1" ind2=" "><marc:subfield code="a">Oliva, Fernando</marc:subfield><marc:subfield code="4">org</marc:subfield></marc:datafield><marc:datafield tag="945" ind1=" " ind2=" "><marc:subfield code="a">L</marc:subfield><marc:subfield code="b">LIVRO</marc:subfield><marc:subfield code="c">01</marc:subfield></marc:datafield></marc:record>