
<marc:record><marc:leader>01796nam a 2003974a 45  </marc:leader>
<marc:controlfield tag="005">20191015125300.0</marc:controlfield>
<marc:controlfield tag="008">191001s2019    bl a          000 0 por d</marc:controlfield><marc:datafield tag="020" ind1=" " ind2=" "><marc:subfield code="a">9788582561102</marc:subfield></marc:datafield><marc:datafield tag="040" ind1=" " ind2=" "><marc:subfield code="a">USP/SIBI</marc:subfield></marc:datafield><marc:datafield tag="041" ind1="0" ind2=" "><marc:subfield code="a">por</marc:subfield><marc:subfield code="a">eng</marc:subfield></marc:datafield><marc:datafield tag="044" ind1=" " ind2=" "><marc:subfield code="a">bl</marc:subfield></marc:datafield><marc:datafield tag="092" ind1="0" ind2=" "><marc:subfield code="a">709.469</marc:subfield></marc:datafield><marc:datafield tag="110" ind1="2" ind2=" "><marc:subfield code="a">Pinacoteca do Estado (São Paulo)</marc:subfield></marc:datafield><marc:datafield tag="245" ind1="1" ind2="0"><marc:subfield code="a">Grada Kilomba</marc:subfield><marc:subfield code="b">desobediências poéticas = Grada Kilomba : poetic disobediences</marc:subfield><marc:subfield code="c">exposição: curadoria Jochen Volz, Valéria Piccoli ; catálogo: texto Djamila Ribeiro ; coordenação e produção editorial Leila Graziela Costa Oliveira ; revisão Regina Stocklen ; tradução Mar Carreño Leyva, Simone Vieira Resende ; fotos Anthea Pokroy ... [et al.]</marc:subfield></marc:datafield><marc:datafield tag="246" ind1="3" ind2="1"><marc:subfield code="a">Grada Kilomba</marc:subfield><marc:subfield code="b">poetic disobediences</marc:subfield></marc:datafield><marc:datafield tag="260" ind1=" " ind2=" "><marc:subfield code="a">São Paulo</marc:subfield><marc:subfield code="b">Pinacoteca do Estado</marc:subfield><marc:subfield code="c">2019</marc:subfield></marc:datafield><marc:datafield tag="300" ind1=" " ind2=" "><marc:subfield code="a">160 p</marc:subfield><marc:subfield code="b">il</marc:subfield><marc:subfield code="c">25 cm</marc:subfield></marc:datafield><marc:datafield tag="500" ind1=" " ind2=" "><marc:subfield code="a">Catálogo publicado por ocasião da e xposição realizada na de 6 de julho a 30 de setembro de 2019, Pinacoteca do Estado, São Paulo</marc:subfield></marc:datafield><marc:datafield tag="546" ind1=" " ind2=" "><marc:subfield code="a">Texto em português e inglês</marc:subfield></marc:datafield><marc:datafield tag="600" ind1="1" ind2="7"><marc:subfield code="a">Kilomba, Grada</marc:subfield><marc:subfield code="d">1968-</marc:subfield><marc:subfield code="2">larpcal</marc:subfield></marc:datafield><marc:datafield tag="650" ind1=" " ind2="7"><marc:subfield code="a">ARTE CONTEMPORÂNEA</marc:subfield><marc:subfield code="z">PORTUGAL</marc:subfield><marc:subfield code="2">larpcal</marc:subfield></marc:datafield><marc:datafield tag="650" ind1=" " ind2="7"><marc:subfield code="a">LITERATURA PORTUGUESA</marc:subfield><marc:subfield code="2">larpcal</marc:subfield></marc:datafield><marc:datafield tag="650" ind1=" " ind2="7"><marc:subfield code="a">ARTE</marc:subfield><marc:subfield code="y">SÉCULO 20;SÉCULO 21</marc:subfield><marc:subfield code="z">PORTUGAL</marc:subfield><marc:subfield code="2">larpcal</marc:subfield></marc:datafield><marc:datafield tag="650" ind1=" " ind2="7"><marc:subfield code="a">VIDEOINSTALAÇÃO</marc:subfield><marc:subfield code="z">PORTUGAL</marc:subfield><marc:subfield code="2">larpcal</marc:subfield></marc:datafield><marc:datafield tag="650" ind1=" " ind2="7"><marc:subfield code="a">INSTALAÇÃO (ARTES PLÁSTICAS)</marc:subfield><marc:subfield code="2">larpcal</marc:subfield></marc:datafield><marc:datafield tag="650" ind1=" " ind2="7"><marc:subfield code="a">EXPOSIÇÕES DE ARTE</marc:subfield><marc:subfield code="y">SÉCULO 21</marc:subfield><marc:subfield code="z">BRASIL</marc:subfield><marc:subfield code="2">larpcal</marc:subfield></marc:datafield><marc:datafield tag="656" ind1=" " ind2="7"><marc:subfield code="a">ARTISTAS</marc:subfield><marc:subfield code="z">PORTUGAL</marc:subfield><marc:subfield code="2">larpcal</marc:subfield></marc:datafield><marc:datafield tag="700" ind1="1" ind2=" "><marc:subfield code="a">Volz, Jochen</marc:subfield><marc:subfield code="4">cur</marc:subfield></marc:datafield><marc:datafield tag="700" ind1="1" ind2=" "><marc:subfield code="a">Piccoli, Valéria</marc:subfield><marc:subfield code="4">cur</marc:subfield></marc:datafield><marc:datafield tag="700" ind1="1" ind2=" "><marc:subfield code="a">Ribeiro, Djamila</marc:subfield><marc:subfield code="4">text</marc:subfield></marc:datafield><marc:datafield tag="700" ind1="1" ind2=" "><marc:subfield code="a">Oliveira, Leila Graziela Costa</marc:subfield><marc:subfield code="4">coord</marc:subfield></marc:datafield><marc:datafield tag="700" ind1="1" ind2=" "><marc:subfield code="a">Stocklen , Regina</marc:subfield><marc:subfield code="4">rev</marc:subfield></marc:datafield><marc:datafield tag="700" ind1="1" ind2=" "><marc:subfield code="a">Carreño Leyva, Mar</marc:subfield><marc:subfield code="4">trad</marc:subfield></marc:datafield><marc:datafield tag="700" ind1="1" ind2=" "><marc:subfield code="a">Resende, Simone Vieira</marc:subfield><marc:subfield code="4">trad</marc:subfield></marc:datafield><marc:datafield tag="700" ind1="1" ind2=" "><marc:subfield code="a">Pokroy, Anthea</marc:subfield><marc:subfield code="4">fotog</marc:subfield></marc:datafield><marc:datafield tag="945" ind1=" " ind2=" "><marc:subfield code="a">L</marc:subfield><marc:subfield code="b">CATALOGO DE EXPOSICAO</marc:subfield><marc:subfield code="c">52</marc:subfield></marc:datafield></marc:record>