
<marc:record><marc:leader>00686nam a2200181Ia 4500</marc:leader>
<marc:controlfield tag="005">20200204115700.0</marc:controlfield>
<marc:controlfield tag="008">200204s2019    bl            000 0 por d</marc:controlfield><marc:datafield tag="020" ind1=" " ind2=" "><marc:subfield code="a">9788571911086</marc:subfield></marc:datafield><marc:datafield tag="040" ind1=" " ind2=" "><marc:subfield code="a">USP/SIBI</marc:subfield></marc:datafield><marc:datafield tag="041" ind1="0" ind2=" "><marc:subfield code="a">por</marc:subfield></marc:datafield><marc:datafield tag="044" ind1=" " ind2=" "><marc:subfield code="a">bl</marc:subfield></marc:datafield><marc:datafield tag="245" ind1="0" ind2="0"><marc:subfield code="a">Alfredo Volpi (1896-1988) Bruno Giorgi (1905-1993)</marc:subfield><marc:subfield code="b">estética de uma amizade</marc:subfield><marc:subfield code="c">curadoria Max Perlingeiro, Pedro Mastrobuono ; tradução Kika Serra ; coordenação editorial Vera Schettino</marc:subfield></marc:datafield><marc:datafield tag="260" ind1=" " ind2=" "><marc:subfield code="a">Rio de Janeiro</marc:subfield><marc:subfield code="b">Pinakotheke</marc:subfield><marc:subfield code="c">2019</marc:subfield></marc:datafield><marc:datafield tag="300" ind1=" " ind2=" "><marc:subfield code="a">225 p</marc:subfield><marc:subfield code="b">il.</marc:subfield><marc:subfield code="c">28 cm</marc:subfield></marc:datafield><marc:datafield tag="600" ind1="1" ind2="7"><marc:subfield code="a">Volpi, Alfredo</marc:subfield><marc:subfield code="d">1896-1988</marc:subfield><marc:subfield code="2">larpcal</marc:subfield></marc:datafield><marc:datafield tag="600" ind1="1" ind2="7"><marc:subfield code="a">Giorgi, Bruno</marc:subfield><marc:subfield code="d">1905-1993</marc:subfield><marc:subfield code="2">larpcal</marc:subfield></marc:datafield><marc:datafield tag="650" ind1=" " ind2="7"><marc:subfield code="a">CATÁLOGO DE EXPOSIÇÃO</marc:subfield><marc:subfield code="2">larpcal</marc:subfield></marc:datafield><marc:datafield tag="945" ind1=" " ind2=" "><marc:subfield code="a">L</marc:subfield><marc:subfield code="b">CATALOGO DE EXPOSICAO</marc:subfield><marc:subfield code="c">52</marc:subfield></marc:datafield></marc:record>