
<marc:record><marc:leader>00777nam a2200217Ia 4500</marc:leader>
<marc:controlfield tag="005">20200219104100.0</marc:controlfield>
<marc:controlfield tag="008">200219s2018    bl            000 0 por d</marc:controlfield><marc:datafield tag="020" ind1=" " ind2=" "><marc:subfield code="a">9788580543889</marc:subfield></marc:datafield><marc:datafield tag="040" ind1=" " ind2=" "><marc:subfield code="a">USP/SIBI</marc:subfield></marc:datafield><marc:datafield tag="041" ind1="0" ind2=" "><marc:subfield code="a">por</marc:subfield></marc:datafield><marc:datafield tag="044" ind1=" " ind2=" "><marc:subfield code="a">bl</marc:subfield></marc:datafield><marc:datafield tag="100" ind1="1" ind2=" "><marc:subfield code="a">Duarte, Regina Horta</marc:subfield></marc:datafield><marc:datafield tag="245" ind1="1" ind2="0"><marc:subfield code="a">Noites circenses</marc:subfield><marc:subfield code="b">espetáculos de circo e teatro em Minas Gerais no século XIX</marc:subfield><marc:subfield code="c">Regina Horta Duarte ; prefácio de Durval Muniz de Albuquerque Júnior, Alcir Lenharo</marc:subfield></marc:datafield><marc:datafield tag="250" ind1=" " ind2=" "><marc:subfield code="a">2. ed. rev. e ampl.</marc:subfield></marc:datafield><marc:datafield tag="260" ind1=" " ind2=" "><marc:subfield code="a">Belo Horizonte</marc:subfield><marc:subfield code="b">Fino Traço</marc:subfield><marc:subfield code="c">2018</marc:subfield></marc:datafield><marc:datafield tag="300" ind1=" " ind2=" "><marc:subfield code="a">248 p</marc:subfield><marc:subfield code="c">23 cm</marc:subfield></marc:datafield><marc:datafield tag="650" ind1=" " ind2="7"><marc:subfield code="a">CIRCO</marc:subfield><marc:subfield code="y">SÉCULO 19</marc:subfield><marc:subfield code="z">MINAS GERAIS</marc:subfield><marc:subfield code="2">larpcal</marc:subfield></marc:datafield><marc:datafield tag="650" ind1=" " ind2="7"><marc:subfield code="a">TEATRO</marc:subfield><marc:subfield code="y">SÉCULO 19</marc:subfield><marc:subfield code="z">MINAS GERAIS</marc:subfield><marc:subfield code="2">larpcal</marc:subfield></marc:datafield><marc:datafield tag="700" ind1="1" ind2=" "><marc:subfield code="a">Albuquerque Júnior, Durval Muniz de</marc:subfield><marc:subfield code="4">pref</marc:subfield></marc:datafield><marc:datafield tag="700" ind1="1" ind2=" "><marc:subfield code="a">Lenharo, Alcir</marc:subfield><marc:subfield code="4">pref</marc:subfield></marc:datafield><marc:datafield tag="945" ind1=" " ind2=" "><marc:subfield code="a">L</marc:subfield><marc:subfield code="b">LIVRO</marc:subfield><marc:subfield code="c">01</marc:subfield></marc:datafield></marc:record>