
<marc:record><marc:leader>00640nam a2200193Ia 4500</marc:leader>
<marc:controlfield tag="005">20191004165500.0</marc:controlfield>
<marc:controlfield tag="008">191004s2014    bl            000 0 por d</marc:controlfield><marc:datafield tag="040" ind1=" " ind2=" "><marc:subfield code="a">USP/SIBI</marc:subfield></marc:datafield><marc:datafield tag="041" ind1="0" ind2=" "><marc:subfield code="a">por</marc:subfield></marc:datafield><marc:datafield tag="044" ind1=" " ind2=" "><marc:subfield code="a">bl</marc:subfield></marc:datafield><marc:datafield tag="100" ind1="1" ind2=" "><marc:subfield code="a">Fingermann, Sergio</marc:subfield><marc:subfield code="d">1953-</marc:subfield></marc:datafield><marc:datafield tag="245" ind1="1" ind2="3"><marc:subfield code="a">Se noite fosse água</marc:subfield><marc:subfield code="b">sequências</marc:subfield><marc:subfield code="c">Sergio Fingermann; curadoria da exposição Laura Abreu e Daniel Barretto</marc:subfield></marc:datafield><marc:datafield tag="260" ind1=" " ind2=" "><marc:subfield code="a">[Rio de Janeiro</marc:subfield><marc:subfield code="b">Museu Nacional de Belas Artes</marc:subfield><marc:subfield code="c">2014]</marc:subfield></marc:datafield><marc:datafield tag="300" ind1=" " ind2=" "><marc:subfield code="a">55 p</marc:subfield><marc:subfield code="b">il</marc:subfield><marc:subfield code="c">25 cm</marc:subfield></marc:datafield><marc:datafield tag="650" ind1=" " ind2="7"><marc:subfield code="a">ARTES</marc:subfield><marc:subfield code="2">larpcal</marc:subfield></marc:datafield><marc:datafield tag="600" ind1="1" ind2="7"><marc:subfield code="a">Fingermann, Sergio</marc:subfield><marc:subfield code="d">1953-</marc:subfield><marc:subfield code="2">larpcal</marc:subfield></marc:datafield><marc:datafield tag="700" ind1="1" ind2=" "><marc:subfield code="a">Abreu, Laura</marc:subfield><marc:subfield code="4">cur</marc:subfield></marc:datafield><marc:datafield tag="700" ind1="1" ind2=" "><marc:subfield code="a">Barretto, Daniel</marc:subfield><marc:subfield code="4">cur</marc:subfield></marc:datafield><marc:datafield tag="945" ind1=" " ind2=" "><marc:subfield code="a">L</marc:subfield><marc:subfield code="b">CATALOGO DE EXPOSICAO</marc:subfield><marc:subfield code="c">52</marc:subfield></marc:datafield></marc:record>