
<marc:record><marc:leader>00718nam a2200193Ia 4500</marc:leader>
<marc:controlfield tag="005">20200207104900.0</marc:controlfield>
<marc:controlfield tag="008">200207s2012    bl            000 0 por d</marc:controlfield><marc:datafield tag="020" ind1=" " ind2=" "><marc:subfield code="a">9788536120430</marc:subfield></marc:datafield><marc:datafield tag="040" ind1=" " ind2=" "><marc:subfield code="a">USP/SIBI</marc:subfield></marc:datafield><marc:datafield tag="041" ind1="0" ind2=" "><marc:subfield code="a">por</marc:subfield></marc:datafield><marc:datafield tag="044" ind1=" " ind2=" "><marc:subfield code="a">bl</marc:subfield></marc:datafield><marc:datafield tag="100" ind1="1" ind2=" "><marc:subfield code="a">Chaves, Marcelo Antonio</marc:subfield></marc:datafield><marc:datafield tag="245" ind1="1" ind2="2"><marc:subfield code="a">A trajetória do Departamento Estadual do Trabalho de são Paulo e a mediação das relações de trabalho (1911-1937)</marc:subfield><marc:subfield code="b">aspectos da formação do direito do trabalho</marc:subfield><marc:subfield code="c">Marcelo Antonio Chaves</marc:subfield></marc:datafield><marc:datafield tag="260" ind1=" " ind2=" "><marc:subfield code="a">São Paulo</marc:subfield><marc:subfield code="b">LTr</marc:subfield><marc:subfield code="c">2012</marc:subfield></marc:datafield><marc:datafield tag="300" ind1=" " ind2=" "><marc:subfield code="a">287 p</marc:subfield><marc:subfield code="c">24 cm</marc:subfield></marc:datafield><marc:datafield tag="610" ind1="2" ind2="7"><marc:subfield code="a">Departamento Estadual do Trabalho - DET (São Paulo)</marc:subfield></marc:datafield><marc:datafield tag="650" ind1=" " ind2="7"><marc:subfield code="a">DIREITO DO TRABALHO</marc:subfield><marc:subfield code="z">SÃO PAULO</marc:subfield><marc:subfield code="2">larpcal</marc:subfield></marc:datafield><marc:datafield tag="650" ind1=" " ind2="7"><marc:subfield code="a">RELAÇÕES DE TRABALHO</marc:subfield><marc:subfield code="2">larpcal</marc:subfield></marc:datafield><marc:datafield tag="945" ind1=" " ind2=" "><marc:subfield code="a">L</marc:subfield><marc:subfield code="b">LIVRO</marc:subfield><marc:subfield code="c">01</marc:subfield></marc:datafield></marc:record>