
<marc:record><marc:leader>00908nam a2200205Ia 4500</marc:leader>
<marc:controlfield tag="005">20200210115000.0</marc:controlfield>
<marc:controlfield tag="008">200210s2012    bl            000 0 por d</marc:controlfield><marc:datafield tag="020" ind1=" " ind2=" "><marc:subfield code="a">9788591022519</marc:subfield></marc:datafield><marc:datafield tag="040" ind1=" " ind2=" "><marc:subfield code="a">USP/SIBI</marc:subfield></marc:datafield><marc:datafield tag="041" ind1="0" ind2=" "><marc:subfield code="a">por</marc:subfield></marc:datafield><marc:datafield tag="044" ind1=" " ind2=" "><marc:subfield code="a">bl</marc:subfield></marc:datafield><marc:datafield tag="100" ind1="1" ind2=" "><marc:subfield code="a">Lisboa, Ana</marc:subfield></marc:datafield><marc:datafield tag="245" ind1="1" ind2="0"><marc:subfield code="a">Arte como prece</marc:subfield><marc:subfield code="b">a religiosidade no trabalho de quatro artistas pernambucanos</marc:subfield><marc:subfield code="c">Ana Lisboa ; prefácio de Sérgio Sezino Douets Vasconcelos</marc:subfield></marc:datafield><marc:datafield tag="260" ind1=" " ind2=" "><marc:subfield code="a">Recife</marc:subfield><marc:subfield code="b">Santa Marta</marc:subfield><marc:subfield code="c">2012</marc:subfield></marc:datafield><marc:datafield tag="300" ind1=" " ind2=" "><marc:subfield code="a">101 p</marc:subfield><marc:subfield code="c">21 cm</marc:subfield></marc:datafield><marc:datafield tag="505" ind1="0" ind2=" "><marc:subfield code="a">A arte como projeção de subjetividades - Religião e religiosidade na arte contemporânea -- Rastros de religiosidade nos trabalhos de artistas plásticos pernambucanos - Luciano Pinheiro -- Montez Magno -- Renato Valle -- A arte como oração: um depoimento</marc:subfield></marc:datafield><marc:datafield tag="650" ind1=" " ind2="7"><marc:subfield code="a">RELIGIOSIDADE POPULAR</marc:subfield><marc:subfield code="2">larpcal</marc:subfield></marc:datafield><marc:datafield tag="650" ind1=" " ind2="7"><marc:subfield code="a">ARTE</marc:subfield><marc:subfield code="z">PERNAMBUCO</marc:subfield><marc:subfield code="2">larpcal</marc:subfield></marc:datafield><marc:datafield tag="700" ind1="1" ind2=" "><marc:subfield code="a">Vasconcelos, Sérgio Sezino Douets</marc:subfield><marc:subfield code="4">pref</marc:subfield></marc:datafield><marc:datafield tag="945" ind1=" " ind2=" "><marc:subfield code="a">L</marc:subfield><marc:subfield code="b">LIVRO</marc:subfield><marc:subfield code="c">01</marc:subfield></marc:datafield></marc:record>