
<marc:record><marc:leader>00606nam a2200181Ia 4500</marc:leader>
<marc:controlfield tag="005">20191204175600.0</marc:controlfield>
<marc:controlfield tag="008">191204s2006    bl            000 0 por d</marc:controlfield><marc:datafield tag="040" ind1=" " ind2=" "><marc:subfield code="a">USP/SIBI</marc:subfield></marc:datafield><marc:datafield tag="041" ind1="0" ind2=" "><marc:subfield code="a">por</marc:subfield></marc:datafield><marc:datafield tag="044" ind1=" " ind2=" "><marc:subfield code="a">bl</marc:subfield></marc:datafield><marc:datafield tag="245" ind1="1" ind2="0"><marc:subfield code="a">Macedônia</marc:subfield><marc:subfield code="b">coisas boas da minha terra &quot; pilares da minha alma&quot;</marc:subfield><marc:subfield code="c">Sônia Maria de Freitas Martins ... [et.al.]; colaborador João Baptista Leone Sobrinho</marc:subfield></marc:datafield><marc:datafield tag="250" ind1=" " ind2=" "><marc:subfield code="a">2. ed</marc:subfield></marc:datafield><marc:datafield tag="260" ind1=" " ind2=" "><marc:subfield code="a">Macedônia</marc:subfield><marc:subfield code="b">s.n.</marc:subfield><marc:subfield code="c">2006</marc:subfield></marc:datafield><marc:datafield tag="650" ind1=" " ind2="7"><marc:subfield code="a">CIDADES</marc:subfield><marc:subfield code="x">HISTÓRIA</marc:subfield><marc:subfield code="2">larpcal</marc:subfield></marc:datafield><marc:datafield tag="650" ind1=" " ind2="7"><marc:subfield code="a">MUNICÍPIO</marc:subfield><marc:subfield code="2">larpcal</marc:subfield></marc:datafield><marc:datafield tag="651" ind1=" " ind2="7"><marc:subfield code="a">MACEDÔNIA (SP)</marc:subfield><marc:subfield code="2">larpcal</marc:subfield></marc:datafield><marc:datafield tag="700" ind1="1" ind2=" "><marc:subfield code="a">Sobrinho, João Baptista Leone</marc:subfield><marc:subfield code="4">colab</marc:subfield></marc:datafield><marc:datafield tag="945" ind1=" " ind2=" "><marc:subfield code="a">L</marc:subfield><marc:subfield code="b">LIVRO</marc:subfield><marc:subfield code="c">01</marc:subfield></marc:datafield></marc:record>