
<marc:record><marc:leader>00475nam a2200157Ia 4500</marc:leader>
<marc:controlfield tag="005">20200131123800.0</marc:controlfield>
<marc:controlfield tag="008">200131s2003    bl            000 0 por d</marc:controlfield><marc:datafield tag="040" ind1=" " ind2=" "><marc:subfield code="a">USP/SIBI</marc:subfield></marc:datafield><marc:datafield tag="041" ind1="0" ind2=" "><marc:subfield code="a">por</marc:subfield></marc:datafield><marc:datafield tag="044" ind1=" " ind2=" "><marc:subfield code="a">bl</marc:subfield></marc:datafield><marc:datafield tag="100" ind1="1" ind2=" "><marc:subfield code="a">Murilo Castro Escritório de Arte</marc:subfield></marc:datafield><marc:datafield tag="245" ind1="1" ind2="0"><marc:subfield code="a">8° Grande Leilão</marc:subfield><marc:subfield code="c">Murilo Castro Escritório de Arte</marc:subfield></marc:datafield><marc:datafield tag="260" ind1=" " ind2=" "><marc:subfield code="a">Belo Horizonte</marc:subfield><marc:subfield code="b">Murilo Castro</marc:subfield><marc:subfield code="c">2003</marc:subfield></marc:datafield><marc:datafield tag="500" ind1=" " ind2=" "><marc:subfield code="a">Leilão- Segunda 10 de novembro de 2003</marc:subfield></marc:datafield><marc:datafield tag="650" ind1=" " ind2="7"><marc:subfield code="a">LEILÃO</marc:subfield><marc:subfield code="2">larpcal</marc:subfield></marc:datafield><marc:datafield tag="945" ind1=" " ind2=" "><marc:subfield code="a">L</marc:subfield><marc:subfield code="b">CATALOGO COMERCIAL</marc:subfield><marc:subfield code="c">53</marc:subfield></marc:datafield></marc:record>