
<marc:record><marc:leader>00785nam a2200241Ia 4500</marc:leader>
<marc:controlfield tag="005">20200302093000.0</marc:controlfield>
<marc:controlfield tag="008">200302s1998    bl            000 0 por d</marc:controlfield><marc:datafield tag="020" ind1=" " ind2=" "><marc:subfield code="a">8525005479</marc:subfield></marc:datafield><marc:datafield tag="040" ind1=" " ind2=" "><marc:subfield code="a">USP/SIBI</marc:subfield></marc:datafield><marc:datafield tag="041" ind1="0" ind2=" "><marc:subfield code="a">por</marc:subfield></marc:datafield><marc:datafield tag="044" ind1=" " ind2=" "><marc:subfield code="a">bl</marc:subfield></marc:datafield><marc:datafield tag="100" ind1="1" ind2=" "><marc:subfield code="a">Proust, Marcel</marc:subfield><marc:subfield code="d">1871-1922</marc:subfield></marc:datafield><marc:datafield tag="245" ind1="1" ind2="2"><marc:subfield code="a">A prisioneira</marc:subfield><marc:subfield code="c">Marcel Proust ; tradução de Manuel Bandeira e Lourdes Sousa de Alencar ; edição de Olgária Chaim Féres Matos</marc:subfield></marc:datafield><marc:datafield tag="250" ind1=" " ind2=" "><marc:subfield code="a">13. ed., rev.</marc:subfield></marc:datafield><marc:datafield tag="260" ind1=" " ind2=" "><marc:subfield code="a">São Paulo</marc:subfield><marc:subfield code="b">Globo</marc:subfield><marc:subfield code="c">1998</marc:subfield></marc:datafield><marc:datafield tag="300" ind1=" " ind2=" "><marc:subfield code="a">384 p</marc:subfield><marc:subfield code="c">21 cm</marc:subfield></marc:datafield><marc:datafield tag="490" ind1="0" ind2=" "><marc:subfield code="a">Em busca do tempo perdido</marc:subfield><marc:subfield code="v">5</marc:subfield></marc:datafield><marc:datafield tag="650" ind1=" " ind2="7"><marc:subfield code="a">LITERATURA FRANCESA</marc:subfield><marc:subfield code="2">larpcal</marc:subfield></marc:datafield><marc:datafield tag="650" ind1=" " ind2="7"><marc:subfield code="a">ROMANCE</marc:subfield><marc:subfield code="2">larpcal</marc:subfield></marc:datafield><marc:datafield tag="700" ind1="1" ind2=" "><marc:subfield code="a">Bandeira, Manuel</marc:subfield><marc:subfield code="4">trad</marc:subfield><marc:subfield code="d">1886-1968</marc:subfield></marc:datafield><marc:datafield tag="700" ind1="1" ind2=" "><marc:subfield code="a">Alencar, Lourdes Sousa de</marc:subfield><marc:subfield code="4">trad</marc:subfield></marc:datafield><marc:datafield tag="700" ind1="1" ind2=" "><marc:subfield code="a">Matos, Olgária Chain Féres</marc:subfield><marc:subfield code="4">ed</marc:subfield></marc:datafield><marc:datafield tag="945" ind1=" " ind2=" "><marc:subfield code="a">L</marc:subfield><marc:subfield code="b">LIVRO</marc:subfield><marc:subfield code="c">01</marc:subfield></marc:datafield></marc:record>