
<marc:record><marc:leader>00536nam a2200145Ia 4500</marc:leader>
<marc:controlfield tag="005">20200217161400.0</marc:controlfield>
<marc:controlfield tag="008">200217s1997    bl            000 0 por d</marc:controlfield><marc:datafield tag="040" ind1=" " ind2=" "><marc:subfield code="a">USP/SIBI</marc:subfield></marc:datafield><marc:datafield tag="041" ind1="0" ind2=" "><marc:subfield code="a">por</marc:subfield></marc:datafield><marc:datafield tag="044" ind1=" " ind2=" "><marc:subfield code="a">bl</marc:subfield></marc:datafield><marc:datafield tag="100" ind1="1" ind2=" "><marc:subfield code="a">Bibliothèque Nationale de France</marc:subfield></marc:datafield><marc:datafield tag="245" ind1="1" ind2="0"><marc:subfield code="a">Tous Les Savoirs du Monde</marc:subfield><marc:subfield code="b">Encyclopédia et bibliothèques de Sumer au XXIe siècle 20 décembre 1996-6 avril 1997</marc:subfield><marc:subfield code="c">Bibliothèque Nationale de France</marc:subfield></marc:datafield><marc:datafield tag="260" ind1=" " ind2=" "><marc:subfield code="a">Paris</marc:subfield><marc:subfield code="b">Bibliothèque Nationale de France</marc:subfield><marc:subfield code="c">1997</marc:subfield></marc:datafield><marc:datafield tag="650" ind1=" " ind2="7"><marc:subfield code="a">ENCICLOPÉDIAS</marc:subfield><marc:subfield code="2">larpcal</marc:subfield></marc:datafield><marc:datafield tag="945" ind1=" " ind2=" "><marc:subfield code="a">L</marc:subfield><marc:subfield code="b">CATALOGO DE EXPOSICAO</marc:subfield><marc:subfield code="c">52</marc:subfield></marc:datafield></marc:record>