
<marc:record><marc:leader>00758nam a2200205Ia 4500</marc:leader>
<marc:controlfield tag="005">20191212145700.0</marc:controlfield>
<marc:controlfield tag="008">191202s1997    bl a    r     000 0 por d</marc:controlfield><marc:datafield tag="020" ind1=" " ind2=" "><marc:subfield code="a">85-85725-26-5</marc:subfield></marc:datafield><marc:datafield tag="040" ind1=" " ind2=" "><marc:subfield code="a">USP/SIBI</marc:subfield></marc:datafield><marc:datafield tag="041" ind1="0" ind2=" "><marc:subfield code="a">por</marc:subfield></marc:datafield><marc:datafield tag="044" ind1=" " ind2=" "><marc:subfield code="a">bl</marc:subfield></marc:datafield><marc:datafield tag="100" ind1="1" ind2=" "><marc:subfield code="a">Fabris, Annateresa</marc:subfield><marc:subfield code="4">org</marc:subfield></marc:datafield><marc:datafield tag="245" ind1="1" ind2="0"><marc:subfield code="a">Monumento a Ramos de Azevedo</marc:subfield><marc:subfield code="b">do concurso ao exílio</marc:subfield><marc:subfield code="c">Annateresa Fabris (org.)</marc:subfield></marc:datafield><marc:datafield tag="260" ind1=" " ind2=" "><marc:subfield code="a">Campinas</marc:subfield><marc:subfield code="a">São Paulo</marc:subfield><marc:subfield code="b">Mercado das Letras</marc:subfield><marc:subfield code="b">Fapesp</marc:subfield><marc:subfield code="c">1997</marc:subfield></marc:datafield><marc:datafield tag="300" ind1=" " ind2=" "><marc:subfield code="a">144 p</marc:subfield><marc:subfield code="b">il.</marc:subfield></marc:datafield><marc:datafield tag="590" ind1=" " ind2=" "><marc:subfield code="a">Exemplar pertencente à Biblioteca Walter Zanini (Biblioteca MAC USP)</marc:subfield></marc:datafield><marc:datafield tag="590" ind1=" " ind2=" "><marc:subfield code="a">O exemplar da coleção da Marta Rossetti Batista contém dedicatória</marc:subfield></marc:datafield><marc:datafield tag="630" ind1="0" ind2="0"><marc:subfield code="a">Monumento a Ramos de Azevedo</marc:subfield><marc:subfield code="2">larpcal</marc:subfield></marc:datafield><marc:datafield tag="650" ind1=" " ind2="7"><marc:subfield code="a">MONUMENTOS</marc:subfield><marc:subfield code="y">SÉCULO 20</marc:subfield><marc:subfield code="z">BRASIL;SÃO PAULO</marc:subfield><marc:subfield code="2">larpcal</marc:subfield></marc:datafield><marc:datafield tag="945" ind1=" " ind2=" "><marc:subfield code="a">L</marc:subfield><marc:subfield code="b">LIVRO</marc:subfield><marc:subfield code="c">01</marc:subfield></marc:datafield></marc:record>