
<marc:record><marc:leader>01241nam a2200169Ia 4500</marc:leader>
<marc:controlfield tag="005">20200306161100.0</marc:controlfield>
<marc:controlfield tag="008">200306s1997    po            000 0 por d</marc:controlfield><marc:datafield tag="040" ind1=" " ind2=" "><marc:subfield code="a">USP/SIBI</marc:subfield></marc:datafield><marc:datafield tag="041" ind1="0" ind2=" "><marc:subfield code="a">por</marc:subfield></marc:datafield><marc:datafield tag="044" ind1=" " ind2=" "><marc:subfield code="a">po</marc:subfield></marc:datafield><marc:datafield tag="245" ind1="0" ind2="0"><marc:subfield code="a">História e antologia da literatura portuguesa</marc:subfield></marc:datafield><marc:datafield tag="260" ind1=" " ind2=" "><marc:subfield code="a">Lisboa</marc:subfield><marc:subfield code="b">Fundação Calouste Gulbenkian</marc:subfield><marc:subfield code="c">1997-2001</marc:subfield></marc:datafield><marc:datafield tag="300" ind1=" " ind2=" "><marc:subfield code="a">v</marc:subfield><marc:subfield code="c">25 cm</marc:subfield></marc:datafield><marc:datafield tag="490" ind1="0" ind2=" "><marc:subfield code="a">HALP</marc:subfield></marc:datafield><marc:datafield tag="500" ind1=" " ind2=" "><marc:subfield code="a">v.1. Séculos XIII-XIV. Antologia -- v.2. Séculos XIII-XIV. A prosa medieval portuguesa-- v.3. Séculos XIII-XIV. A prosa medieval portuguesa II -- v.4. Séculos XIII-XIV. Literatura Medieval -- v.5. Século XV. Fernão Lopes I -- v.6. Século XV. Fernão Lopes II -- v.7. Século XV. Obras do princípes de Avis -- v.8. Século XV. Cronistas do século XV (posteriores a Fernão Lopes) -- v.9. Século XV. TExtos hagiográficos e místicos -- v.10. Século XVI. Cancioneiro geral de Garcia de Resende -- v.11. Século XVI. Obras de Gil Vicente -- v.14. Século XVI. Cronística e historiografia do século XVI -- v.15. Século XVI. Cronística e historiografia do século XVI II --v.16. Século XVI. Luís de Camões: Os Lusíadas -- v.17. Século XVI. Luís de Camões: lírica e estudos</marc:subfield></marc:datafield><marc:datafield tag="650" ind1=" " ind2="7"><marc:subfield code="a">LITERATURA PORTUGUESA</marc:subfield><marc:subfield code="x">HISTÓRIA</marc:subfield><marc:subfield code="2">larpcal</marc:subfield></marc:datafield><marc:datafield tag="945" ind1=" " ind2=" "><marc:subfield code="a">L</marc:subfield><marc:subfield code="b">LIVRO</marc:subfield><marc:subfield code="c">01</marc:subfield></marc:datafield></marc:record>