
<marc:record><marc:leader>00384nam a2200133Ia 4500</marc:leader>
<marc:controlfield tag="005">20200218144900.0</marc:controlfield>
<marc:controlfield tag="008">200218s1994    bl            000 0 por d</marc:controlfield><marc:datafield tag="040" ind1=" " ind2=" "><marc:subfield code="a">USP/SIBI</marc:subfield></marc:datafield><marc:datafield tag="041" ind1="0" ind2=" "><marc:subfield code="a">por</marc:subfield></marc:datafield><marc:datafield tag="044" ind1=" " ind2=" "><marc:subfield code="a">bl</marc:subfield></marc:datafield><marc:datafield tag="245" ind1="1" ind2="0"><marc:subfield code="a">Arte Sacra</marc:subfield><marc:subfield code="b">Nos antigos coutos de Alcoçaba</marc:subfield><marc:subfield code="c">Museu do Mosteiro de Alcoçaba</marc:subfield></marc:datafield><marc:datafield tag="260" ind1=" " ind2=" "><marc:subfield code="a">Alcoçaba</marc:subfield><marc:subfield code="b">IPPAR</marc:subfield><marc:subfield code="c">1994</marc:subfield></marc:datafield><marc:datafield tag="650" ind1=" " ind2="7"><marc:subfield code="a">ARTE SACRA</marc:subfield><marc:subfield code="2">larpcal</marc:subfield></marc:datafield><marc:datafield tag="945" ind1=" " ind2=" "><marc:subfield code="a">L</marc:subfield><marc:subfield code="b">CATALOGO DE EXPOSICAO</marc:subfield><marc:subfield code="c">52</marc:subfield></marc:datafield></marc:record>