
<marc:record><marc:leader>00723nam a2200181Ia 4500</marc:leader>
<marc:controlfield tag="005">20200120111900.0</marc:controlfield>
<marc:controlfield tag="008">200120s1992    po            000 0 por d</marc:controlfield><marc:datafield tag="040" ind1=" " ind2=" "><marc:subfield code="a">USP/SIBI</marc:subfield></marc:datafield><marc:datafield tag="041" ind1="0" ind2=" "><marc:subfield code="a">por</marc:subfield></marc:datafield><marc:datafield tag="044" ind1=" " ind2=" "><marc:subfield code="a">po</marc:subfield></marc:datafield><marc:datafield tag="245" ind1="1" ind2="0"><marc:subfield code="a">De Goa a Lisboa</marc:subfield><marc:subfield code="b">A arte indo portuguesa dos séculos xvi a xviii</marc:subfield><marc:subfield code="c">Museu Nacional de Machado de Castro</marc:subfield></marc:datafield><marc:datafield tag="260" ind1=" " ind2=" "><marc:subfield code="a">Coimbra</marc:subfield><marc:subfield code="b">Banco Totta &amp; Fuçores; Fundaçã Oriente</marc:subfield><marc:subfield code="c">1992</marc:subfield></marc:datafield><marc:datafield tag="300" ind1=" " ind2=" "><marc:subfield code="a">136 pg</marc:subfield><marc:subfield code="b">il.</marc:subfield><marc:subfield code="c">30 cm</marc:subfield></marc:datafield><marc:datafield tag="500" ind1=" " ind2=" "><marc:subfield code="a">Esta exposição foi realizada para o festival Europália Portugal 21 e apresentada em Bruxelas na sede da Banque Bruxelles Lambert, entre 24 de Setembro e 15 de Dezembro de 1991.</marc:subfield></marc:datafield><marc:datafield tag="650" ind1=" " ind2="7"><marc:subfield code="a">GOA (ÍNDIA)</marc:subfield></marc:datafield><marc:datafield tag="650" ind1=" " ind2="7"><marc:subfield code="a">PORTUGAL</marc:subfield></marc:datafield><marc:datafield tag="650" ind1=" " ind2="7"><marc:subfield code="a">ARTE</marc:subfield><marc:subfield code="2">larpcal</marc:subfield></marc:datafield><marc:datafield tag="945" ind1=" " ind2=" "><marc:subfield code="a">L</marc:subfield><marc:subfield code="b">CATALOGO DE EXPOSICAO</marc:subfield><marc:subfield code="c">52</marc:subfield></marc:datafield></marc:record>