
<marc:record><marc:leader>00681nam a2200181Ia 4500</marc:leader>
<marc:controlfield tag="005">20190927112300.0</marc:controlfield>
<marc:controlfield tag="008">190927s1990    bl            000 0 por d</marc:controlfield><marc:datafield tag="040" ind1=" " ind2=" "><marc:subfield code="a">USP/SIBI</marc:subfield></marc:datafield><marc:datafield tag="041" ind1="0" ind2=" "><marc:subfield code="a">por</marc:subfield></marc:datafield><marc:datafield tag="044" ind1=" " ind2=" "><marc:subfield code="a">bl</marc:subfield></marc:datafield><marc:datafield tag="100" ind1="1" ind2=" "><marc:subfield code="a">Rocha, D. Mateus</marc:subfield></marc:datafield><marc:datafield tag="245" ind1="1" ind2="2"><marc:subfield code="a">A fundação do Mosteiro de São Bento</marc:subfield><marc:subfield code="b">1590-1990</marc:subfield><marc:subfield code="c">D. Mateus Rocha O.S.B. ; prefácio do Prof. Américo Jacobina Lacombe</marc:subfield></marc:datafield><marc:datafield tag="260" ind1=" " ind2=" "><marc:subfield code="a">[Rio de Janeiro]</marc:subfield><marc:subfield code="b">Instituto Histórico e Geográfico Brasileiro</marc:subfield><marc:subfield code="c">1990</marc:subfield></marc:datafield><marc:datafield tag="300" ind1=" " ind2=" "><marc:subfield code="a">29 p</marc:subfield><marc:subfield code="c">21 cm</marc:subfield></marc:datafield><marc:datafield tag="500" ind1=" " ind2=" "><marc:subfield code="a">Com dois sonetos de Dom Marcos Barbosa O.S.B. e prefácio do Prof. Américo Jacobina Lacombe</marc:subfield></marc:datafield><marc:datafield tag="650" ind1=" " ind2="7"><marc:subfield code="a">FUNDAÇÃO</marc:subfield><marc:subfield code="2">larpcal</marc:subfield></marc:datafield><marc:datafield tag="650" ind1=" " ind2="7"><marc:subfield code="a">MOSTEIROS</marc:subfield><marc:subfield code="z">RIO DE JANEIRO</marc:subfield><marc:subfield code="2">larpcal</marc:subfield></marc:datafield><marc:datafield tag="945" ind1=" " ind2=" "><marc:subfield code="a">L</marc:subfield><marc:subfield code="b">LIVRO</marc:subfield><marc:subfield code="c">01</marc:subfield></marc:datafield></marc:record>