
<marc:record><marc:leader>00780nam a2200217Ia 4500</marc:leader>
<marc:controlfield tag="005">20190919164100.0</marc:controlfield>
<marc:controlfield tag="008">190919s1986    bl            000 0 por d</marc:controlfield><marc:datafield tag="040" ind1=" " ind2=" "><marc:subfield code="a">USP/SIBI</marc:subfield></marc:datafield><marc:datafield tag="041" ind1="0" ind2=" "><marc:subfield code="a">por</marc:subfield></marc:datafield><marc:datafield tag="044" ind1=" " ind2=" "><marc:subfield code="a">bl</marc:subfield></marc:datafield><marc:datafield tag="100" ind1="1" ind2=" "><marc:subfield code="a">Sacramento, Enock</marc:subfield></marc:datafield><marc:datafield tag="245" ind1="1" ind2="0"><marc:subfield code="a">Aderbal Moura Jair Glass</marc:subfield><marc:subfield code="b">desenhos</marc:subfield><marc:subfield code="c">Enock Sacramento</marc:subfield></marc:datafield><marc:datafield tag="260" ind1=" " ind2=" "><marc:subfield code="a">São Paulo</marc:subfield><marc:subfield code="b">Chroma Galeria de Arte</marc:subfield><marc:subfield code="c">1986</marc:subfield></marc:datafield><marc:datafield tag="300" ind1=" " ind2=" "><marc:subfield code="a">1 v</marc:subfield><marc:subfield code="b">il</marc:subfield><marc:subfield code="c">15 cm</marc:subfield></marc:datafield><marc:datafield tag="500" ind1=" " ind2=" "><marc:subfield code="a">Catálogo publicado por ocasião da exposição coletiva realizada de 10 a 30 de abril de 1986, Chroma Galeria de Arte, São Paulo.</marc:subfield></marc:datafield><marc:datafield tag="500" ind1=" " ind2=" "><marc:subfield code="a">Currículos artísticos</marc:subfield></marc:datafield><marc:datafield tag="600" ind1="1" ind2="7"><marc:subfield code="a">Moura, Aderbal</marc:subfield><marc:subfield code="d">1945-</marc:subfield></marc:datafield><marc:datafield tag="600" ind1="1" ind2="7"><marc:subfield code="a">Glass, Jair</marc:subfield><marc:subfield code="d">1948-</marc:subfield></marc:datafield><marc:datafield tag="650" ind1=" " ind2="7"><marc:subfield code="a">PINTORES</marc:subfield><marc:subfield code="y">SÉCULO 20</marc:subfield><marc:subfield code="z">BRASIL</marc:subfield><marc:subfield code="2">larpcal</marc:subfield></marc:datafield><marc:datafield tag="650" ind1=" " ind2="7"><marc:subfield code="a">DESENHISTAS</marc:subfield><marc:subfield code="y">SÉCULO 20</marc:subfield><marc:subfield code="z">BRASIL</marc:subfield><marc:subfield code="2">larpcal</marc:subfield></marc:datafield><marc:datafield tag="945" ind1=" " ind2=" "><marc:subfield code="a">L</marc:subfield><marc:subfield code="b">CATALOGO DE EXPOSICAO</marc:subfield><marc:subfield code="c">52</marc:subfield></marc:datafield></marc:record>