
<marc:record><marc:leader>00582nam a2200181Ia 4500</marc:leader>
<marc:controlfield tag="005">20190826104200.0</marc:controlfield>
<marc:controlfield tag="008">190826s1984    po            000 0 por d</marc:controlfield><marc:datafield tag="040" ind1=" " ind2=" "><marc:subfield code="a">USP/SIBI</marc:subfield></marc:datafield><marc:datafield tag="041" ind1="0" ind2=" "><marc:subfield code="a">por</marc:subfield></marc:datafield><marc:datafield tag="044" ind1=" " ind2=" "><marc:subfield code="a">po</marc:subfield></marc:datafield><marc:datafield tag="100" ind1="1" ind2=" "><marc:subfield code="a">Cordeiro, Luciano</marc:subfield><marc:subfield code="d">1844-1900</marc:subfield></marc:datafield><marc:datafield tag="245" ind1="1" ind2="0"><marc:subfield code="a">Berengela e Leonor</marc:subfield><marc:subfield code="b">rainhas da Dinamarca</marc:subfield><marc:subfield code="c">Luciano Cordeiro ; introdução de José Mattoso</marc:subfield></marc:datafield><marc:datafield tag="260" ind1=" " ind2=" "><marc:subfield code="a">[Lisboa]</marc:subfield><marc:subfield code="b">Imprensa Nacional - Casa da Moeda</marc:subfield><marc:subfield code="c">[1984]</marc:subfield></marc:datafield><marc:datafield tag="300" ind1=" " ind2=" "><marc:subfield code="a">76 p</marc:subfield><marc:subfield code="c">24 cm</marc:subfield></marc:datafield><marc:datafield tag="490" ind1="0" ind2=" "><marc:subfield code="a">Estudos e Temas Portugueses</marc:subfield></marc:datafield><marc:datafield tag="650" ind1=" " ind2="7"><marc:subfield code="a">HISTÓRIA DA EUROPA</marc:subfield><marc:subfield code="2">larpcal</marc:subfield></marc:datafield><marc:datafield tag="700" ind1="1" ind2=" "><marc:subfield code="a">Mattoso, José</marc:subfield><marc:subfield code="d">1933-</marc:subfield><marc:subfield code="4">intr</marc:subfield></marc:datafield><marc:datafield tag="945" ind1=" " ind2=" "><marc:subfield code="a">L</marc:subfield><marc:subfield code="b">LIVRO</marc:subfield><marc:subfield code="c">01</marc:subfield></marc:datafield></marc:record>