
<marc:record><marc:leader>00681nam a2200169Ia 4500</marc:leader>
<marc:controlfield tag="005">20190916112300.0</marc:controlfield>
<marc:controlfield tag="008">190916s1984    bl            000 0 por d</marc:controlfield><marc:datafield tag="040" ind1=" " ind2=" "><marc:subfield code="a">USP/SIBI</marc:subfield></marc:datafield><marc:datafield tag="041" ind1="0" ind2=" "><marc:subfield code="a">por</marc:subfield></marc:datafield><marc:datafield tag="044" ind1=" " ind2=" "><marc:subfield code="a">bl</marc:subfield></marc:datafield><marc:datafield tag="100" ind1="1" ind2=" "><marc:subfield code="a">Macedo, Joaryvar</marc:subfield></marc:datafield><marc:datafield tag="245" ind1="1" ind2="0"><marc:subfield code="a">São Vicente das Lavras</marc:subfield><marc:subfield code="b">informações históricas sobre Lavras da Mangabeira, desde a Revelação do Território à Elevação a Cidade</marc:subfield><marc:subfield code="c">Joaryvar Macedo</marc:subfield></marc:datafield><marc:datafield tag="260" ind1=" " ind2=" "><marc:subfield code="a">Fortaleza</marc:subfield><marc:subfield code="b">Secretaria de Cultura e Desporto</marc:subfield><marc:subfield code="c">1984</marc:subfield></marc:datafield><marc:datafield tag="300" ind1=" " ind2=" "><marc:subfield code="a">143 p</marc:subfield><marc:subfield code="b">il.</marc:subfield><marc:subfield code="c">22 cm</marc:subfield></marc:datafield><marc:datafield tag="500" ind1=" " ind2=" "><marc:subfield code="a">Volume publicado em comemoração ao Centenário da elevação da Vila de Lavras à categoria de Cidade - 1884-1984</marc:subfield></marc:datafield><marc:datafield tag="650" ind1=" " ind2="7"><marc:subfield code="a">HISTÓRIA DO BRASIL</marc:subfield><marc:subfield code="2">larpcal</marc:subfield></marc:datafield><marc:datafield tag="945" ind1=" " ind2=" "><marc:subfield code="a">L</marc:subfield><marc:subfield code="b">LIVRO</marc:subfield><marc:subfield code="c">01</marc:subfield></marc:datafield></marc:record>