
<marc:record><marc:leader>00715nam a2200193Ia 4500</marc:leader>
<marc:controlfield tag="005">20200130125700.0</marc:controlfield>
<marc:controlfield tag="008">200130s1984    bl            000 0 por d</marc:controlfield><marc:datafield tag="040" ind1=" " ind2=" "><marc:subfield code="a">USP/SIBI</marc:subfield></marc:datafield><marc:datafield tag="041" ind1="0" ind2=" "><marc:subfield code="a">por</marc:subfield></marc:datafield><marc:datafield tag="044" ind1=" " ind2=" "><marc:subfield code="a">bl</marc:subfield></marc:datafield><marc:datafield tag="100" ind1="1" ind2=" "><marc:subfield code="a">Tringali, Dante</marc:subfield></marc:datafield><marc:datafield tag="245" ind1="1" ind2="0"><marc:subfield code="a">Introdução às retóricas</marc:subfield><marc:subfield code="c">Dante Tringali ; apresentação de Maria Magaly Trindade Gonçalves, Zélia Maria Thomaz de Aquino e Zina M. Bellodi ; organização de Zina M. Bellodi</marc:subfield></marc:datafield><marc:datafield tag="260" ind1=" " ind2=" "><marc:subfield code="a">Araraquara</marc:subfield><marc:subfield code="b">Universidade Estadual Paulista</marc:subfield><marc:subfield code="c">1984</marc:subfield></marc:datafield><marc:datafield tag="300" ind1=" " ind2=" "><marc:subfield code="a">203 p</marc:subfield><marc:subfield code="c">31 cm</marc:subfield></marc:datafield><marc:datafield tag="650" ind1=" " ind2="7"><marc:subfield code="a">RETÓRICA</marc:subfield><marc:subfield code="2">larpcal</marc:subfield></marc:datafield><marc:datafield tag="700" ind1="1" ind2=" "><marc:subfield code="a">Gonçalves, Maria Magaly Trindade</marc:subfield><marc:subfield code="4">apres</marc:subfield></marc:datafield><marc:datafield tag="700" ind1="1" ind2=" "><marc:subfield code="a">Aquino, Zélia Maria Thomaz de</marc:subfield><marc:subfield code="4">apres</marc:subfield></marc:datafield><marc:datafield tag="700" ind1="1" ind2=" "><marc:subfield code="a">Bellodi, Zina M.</marc:subfield><marc:subfield code="4">apres</marc:subfield><marc:subfield code="4">org</marc:subfield></marc:datafield><marc:datafield tag="945" ind1=" " ind2=" "><marc:subfield code="a">L</marc:subfield><marc:subfield code="b">LIVRO</marc:subfield><marc:subfield code="c">01</marc:subfield></marc:datafield></marc:record>