
<marc:record><marc:leader>00435nam a2200145Ia 4500</marc:leader>
<marc:controlfield tag="005">20200217161700.0</marc:controlfield>
<marc:controlfield tag="008">200217s1984    bl            000 0 por d</marc:controlfield><marc:datafield tag="040" ind1=" " ind2=" "><marc:subfield code="a">USP/SIBI</marc:subfield></marc:datafield><marc:datafield tag="041" ind1="0" ind2=" "><marc:subfield code="a">por</marc:subfield></marc:datafield><marc:datafield tag="044" ind1=" " ind2=" "><marc:subfield code="a">bl</marc:subfield></marc:datafield><marc:datafield tag="245" ind1="1" ind2="0"><marc:subfield code="a">Grandes Obras</marc:subfield><marc:subfield code="b">Exposição n°15</marc:subfield><marc:subfield code="c">Ricardo Camargo Marchand</marc:subfield></marc:datafield><marc:datafield tag="260" ind1=" " ind2=" "><marc:subfield code="a">São Paulo</marc:subfield><marc:subfield code="b">Ricardo Camargo Marchand</marc:subfield><marc:subfield code="c">1984</marc:subfield></marc:datafield><marc:datafield tag="500" ind1=" " ind2=" "><marc:subfield code="a">De 9 a 27 de dezembro de 1984</marc:subfield></marc:datafield><marc:datafield tag="650" ind1=" " ind2="7"><marc:subfield code="a">OBRA DE ARTE</marc:subfield><marc:subfield code="2">larpcal</marc:subfield></marc:datafield><marc:datafield tag="945" ind1=" " ind2=" "><marc:subfield code="a">L</marc:subfield><marc:subfield code="b">CATALOGO DE EXPOSICAO</marc:subfield><marc:subfield code="c">52</marc:subfield></marc:datafield></marc:record>