
<marc:record><marc:leader>00608nam a2200169Ia 4500</marc:leader>
<marc:controlfield tag="005">20200306102400.0</marc:controlfield>
<marc:controlfield tag="008">200306s1982    po            000 0 por d</marc:controlfield><marc:datafield tag="040" ind1=" " ind2=" "><marc:subfield code="a">USP/SIBI</marc:subfield></marc:datafield><marc:datafield tag="041" ind1="0" ind2=" "><marc:subfield code="a">por</marc:subfield></marc:datafield><marc:datafield tag="044" ind1=" " ind2=" "><marc:subfield code="a">po</marc:subfield></marc:datafield><marc:datafield tag="100" ind1="1" ind2=" "><marc:subfield code="a">Braga, Teófilo</marc:subfield><marc:subfield code="d">1843-1924</marc:subfield></marc:datafield><marc:datafield tag="245" ind1="1" ind2="0"><marc:subfield code="a">Cantos populares do arquipélago açoriano</marc:subfield><marc:subfield code="c">coligidos e anotados por Teófilo Braga ; prefácio de José de Almeida Pavão</marc:subfield></marc:datafield><marc:datafield tag="260" ind1=" " ind2=" "><marc:subfield code="a">Ponta Delgada</marc:subfield><marc:subfield code="b">Universidade dos Açores</marc:subfield><marc:subfield code="c">1982</marc:subfield></marc:datafield><marc:datafield tag="300" ind1=" " ind2=" "><marc:subfield code="a">502 p</marc:subfield><marc:subfield code="c">21 cm</marc:subfield></marc:datafield><marc:datafield tag="650" ind1=" " ind2="7"><marc:subfield code="a">CANÇÕES FOLCLÓRICAS</marc:subfield><marc:subfield code="z">AÇORES (PORTUGAL)</marc:subfield><marc:subfield code="2">larpcal</marc:subfield></marc:datafield><marc:datafield tag="700" ind1="1" ind2=" "><marc:subfield code="a">Pavão Júnior, José de Almeida</marc:subfield><marc:subfield code="4">pref</marc:subfield><marc:subfield code="d">1919-2003</marc:subfield></marc:datafield><marc:datafield tag="945" ind1=" " ind2=" "><marc:subfield code="a">L</marc:subfield><marc:subfield code="b">LIVRO</marc:subfield><marc:subfield code="c">01</marc:subfield></marc:datafield></marc:record>