
<marc:record><marc:leader>00710nam a2200193Ia 4500</marc:leader>
<marc:controlfield tag="005">20190730104000.0</marc:controlfield>
<marc:controlfield tag="008">190730s1982    bl            000 0 por d</marc:controlfield><marc:datafield tag="040" ind1=" " ind2=" "><marc:subfield code="a">USP/SIBI</marc:subfield></marc:datafield><marc:datafield tag="041" ind1="0" ind2=" "><marc:subfield code="a">por</marc:subfield></marc:datafield><marc:datafield tag="044" ind1=" " ind2=" "><marc:subfield code="a">bl</marc:subfield></marc:datafield><marc:datafield tag="245" ind1="1" ind2="0"><marc:subfield code="a">Dinah Silveira de Queiroz</marc:subfield><marc:subfield code="b">coletânea</marc:subfield><marc:subfield code="c">Dinah Silveira de Queiroz; depoimento e coordenação Nataniel Dantas</marc:subfield></marc:datafield><marc:datafield tag="260" ind1=" " ind2=" "><marc:subfield code="a">São Paulo</marc:subfield><marc:subfield code="b">LISA</marc:subfield><marc:subfield code="a">Brasilia</marc:subfield><marc:subfield code="b">INL</marc:subfield><marc:subfield code="c">1982</marc:subfield></marc:datafield><marc:datafield tag="300" ind1=" " ind2=" "><marc:subfield code="a">175 p</marc:subfield><marc:subfield code="c">21 cm</marc:subfield></marc:datafield><marc:datafield tag="490" ind1="0" ind2=" "><marc:subfield code="a">Autores brasileiros contemporâneos</marc:subfield><marc:subfield code="v">1</marc:subfield></marc:datafield><marc:datafield tag="500" ind1=" " ind2=" "><marc:subfield code="a">Suplementado por roteiro para análise literária por Camilo de Léllis Guimarães</marc:subfield></marc:datafield><marc:datafield tag="600" ind1="1" ind2="7"><marc:subfield code="a">Guimarães, Camilo de</marc:subfield></marc:datafield><marc:datafield tag="650" ind1=" " ind2="7"><marc:subfield code="a">LITERATURA BRASILEIRA</marc:subfield><marc:subfield code="x">HISTÓRIA E CRÍTICA</marc:subfield><marc:subfield code="2">larpcal</marc:subfield></marc:datafield><marc:datafield tag="700" ind1="1" ind2=" "><marc:subfield code="a">Dantas, Nataniel</marc:subfield><marc:subfield code="4">coord</marc:subfield></marc:datafield><marc:datafield tag="945" ind1=" " ind2=" "><marc:subfield code="a">L</marc:subfield><marc:subfield code="b">LIVRO</marc:subfield><marc:subfield code="c">01</marc:subfield></marc:datafield></marc:record>