
<marc:record><marc:leader>00501nam a2200169Ia 4500</marc:leader>
<marc:controlfield tag="005">20200128170800.0</marc:controlfield>
<marc:controlfield tag="008">200128s1981    bl            000 0 por d</marc:controlfield><marc:datafield tag="040" ind1=" " ind2=" "><marc:subfield code="a">USP/SIBI</marc:subfield></marc:datafield><marc:datafield tag="041" ind1="0" ind2=" "><marc:subfield code="a">por</marc:subfield></marc:datafield><marc:datafield tag="044" ind1=" " ind2=" "><marc:subfield code="a">bl</marc:subfield></marc:datafield><marc:datafield tag="100" ind1="1" ind2=" "><marc:subfield code="a">Academus Galeria de Arte</marc:subfield></marc:datafield><marc:datafield tag="245" ind1="1" ind2="0"><marc:subfield code="a">A. Carpentieri</marc:subfield><marc:subfield code="b">Óleos inéditos</marc:subfield><marc:subfield code="c">Academus Galeria de Arte</marc:subfield></marc:datafield><marc:datafield tag="260" ind1=" " ind2=" "><marc:subfield code="a">São Paulo</marc:subfield><marc:subfield code="b">s.n</marc:subfield><marc:subfield code="c">1981</marc:subfield></marc:datafield><marc:datafield tag="500" ind1=" " ind2=" "><marc:subfield code="a">18 a 29 de agosto 1981</marc:subfield></marc:datafield><marc:datafield tag="600" ind1="1" ind2="7"><marc:subfield code="a">Antonio Carpentieri</marc:subfield><marc:subfield code="2">larpcal</marc:subfield></marc:datafield><marc:datafield tag="650" ind1=" " ind2="7"><marc:subfield code="a">EXPOSIÇÕES DE ARTE</marc:subfield><marc:subfield code="2">larpcal</marc:subfield></marc:datafield><marc:datafield tag="945" ind1=" " ind2=" "><marc:subfield code="a">L</marc:subfield><marc:subfield code="b">CATALOGO DE EXPOSICAO</marc:subfield><marc:subfield code="c">52</marc:subfield></marc:datafield></marc:record>