
<marc:record><marc:leader>00597nam a2200169Ia 4500</marc:leader>
<marc:controlfield tag="005">20190910154500.0</marc:controlfield>
<marc:controlfield tag="008">190910s1981    bl            000 0 por d</marc:controlfield><marc:datafield tag="040" ind1=" " ind2=" "><marc:subfield code="a">USP/SIBI</marc:subfield></marc:datafield><marc:datafield tag="041" ind1="0" ind2=" "><marc:subfield code="a">por</marc:subfield></marc:datafield><marc:datafield tag="044" ind1=" " ind2=" "><marc:subfield code="a">bl</marc:subfield></marc:datafield><marc:datafield tag="100" ind1="1" ind2=" "><marc:subfield code="a">Gomes, Ângela Maria Castelo</marc:subfield></marc:datafield><marc:datafield tag="245" ind1="1" ind2="0"><marc:subfield code="a">Estágio em biblioteconomia</marc:subfield><marc:subfield code="b">estratégias e práticas de ensino</marc:subfield><marc:subfield code="c">Ângela Maria Castelo Gomes</marc:subfield></marc:datafield><marc:datafield tag="260" ind1=" " ind2=" "><marc:subfield code="a">Campinas</marc:subfield><marc:subfield code="b">Pontifícia Universidade Católica de Campinas</marc:subfield><marc:subfield code="c">1981</marc:subfield></marc:datafield><marc:datafield tag="300" ind1=" " ind2=" "><marc:subfield code="a">115 p</marc:subfield><marc:subfield code="c">35 cm</marc:subfield></marc:datafield><marc:datafield tag="502" ind1=" " ind2=" "><marc:subfield code="a">Tese (Mestrado) -- Pontifícia Universidade Católica de Campinas</marc:subfield></marc:datafield><marc:datafield tag="650" ind1=" " ind2="7"><marc:subfield code="a">BIBLIOTECONOMIA</marc:subfield><marc:subfield code="2">larpcal</marc:subfield></marc:datafield><marc:datafield tag="945" ind1=" " ind2=" "><marc:subfield code="a">L</marc:subfield><marc:subfield code="b">TESE DISSERTACAO</marc:subfield><marc:subfield code="c">03</marc:subfield></marc:datafield></marc:record>