
<marc:record><marc:leader>00574nam a2200181Ia 4500</marc:leader>
<marc:controlfield tag="005">20190812111800.0</marc:controlfield>
<marc:controlfield tag="008">190812s1981    bl            000 0 por d</marc:controlfield><marc:datafield tag="040" ind1=" " ind2=" "><marc:subfield code="a">USP/SIBI</marc:subfield></marc:datafield><marc:datafield tag="041" ind1="0" ind2=" "><marc:subfield code="a">por</marc:subfield></marc:datafield><marc:datafield tag="044" ind1=" " ind2=" "><marc:subfield code="a">bl</marc:subfield></marc:datafield><marc:datafield tag="100" ind1="1" ind2=" "><marc:subfield code="a">Pires, Orlando</marc:subfield></marc:datafield><marc:datafield tag="245" ind1="1" ind2="0"><marc:subfield code="a">Manual de teoria e técnica literária</marc:subfield><marc:subfield code="c">Orlando Pires</marc:subfield></marc:datafield><marc:datafield tag="260" ind1=" " ind2=" "><marc:subfield code="a">Rio de Janeiro</marc:subfield><marc:subfield code="b">Presença</marc:subfield><marc:subfield code="c">1981</marc:subfield></marc:datafield><marc:datafield tag="300" ind1=" " ind2=" "><marc:subfield code="a">290 p</marc:subfield><marc:subfield code="c">23 cm</marc:subfield></marc:datafield><marc:datafield tag="490" ind1="0" ind2=" "><marc:subfield code="a">Coleção Linguagem</marc:subfield><marc:subfield code="v">v.15</marc:subfield></marc:datafield><marc:datafield tag="500" ind1=" " ind2=" "><marc:subfield code="a">Em convênio com o Instituto Nacional do Livro - Ministério da Educação e Cultura</marc:subfield></marc:datafield><marc:datafield tag="650" ind1=" " ind2="7"><marc:subfield code="a">LITERATURA</marc:subfield><marc:subfield code="x">TEORIA</marc:subfield><marc:subfield code="x">ESTUDO</marc:subfield><marc:subfield code="2">larpcal</marc:subfield></marc:datafield><marc:datafield tag="945" ind1=" " ind2=" "><marc:subfield code="a">L</marc:subfield><marc:subfield code="b">LIVRO</marc:subfield><marc:subfield code="c">01</marc:subfield></marc:datafield></marc:record>