
<marc:record><marc:leader>00710nam a2200193Ia 4500</marc:leader>
<marc:controlfield tag="005">20200122112100.0</marc:controlfield>
<marc:controlfield tag="008">200122s1981    bl            000 0 por d</marc:controlfield><marc:datafield tag="040" ind1=" " ind2=" "><marc:subfield code="a">USP/SIBI</marc:subfield></marc:datafield><marc:datafield tag="041" ind1="0" ind2=" "><marc:subfield code="a">por</marc:subfield></marc:datafield><marc:datafield tag="044" ind1=" " ind2=" "><marc:subfield code="a">bl</marc:subfield></marc:datafield><marc:datafield tag="110" ind1="2" ind2=" "><marc:subfield code="a">Renato Magalhães Gouvêa - Escritório de Arte</marc:subfield></marc:datafield><marc:datafield tag="245" ind1="1" ind2="0"><marc:subfield code="a">Giuseppe Perissinotto</marc:subfield><marc:subfield code="b">1881-1965</marc:subfield><marc:subfield code="c">texto de José Roberto Teixeira Leite</marc:subfield></marc:datafield><marc:datafield tag="260" ind1=" " ind2=" "><marc:subfield code="a">São Paulo</marc:subfield><marc:subfield code="b">Renato Magalhães Gouvêa Escritório de Arte</marc:subfield><marc:subfield code="c">1981</marc:subfield></marc:datafield><marc:datafield tag="300" ind1=" " ind2=" "><marc:subfield code="a">1 v</marc:subfield><marc:subfield code="b">il.</marc:subfield><marc:subfield code="c">21 cm</marc:subfield></marc:datafield><marc:datafield tag="500" ind1=" " ind2=" "><marc:subfield code="a">Exposição comemorativa do centenário de nascimento</marc:subfield></marc:datafield><marc:datafield tag="600" ind1="1" ind2="7"><marc:subfield code="a">Perissinotto, Giuseppe</marc:subfield><marc:subfield code="d">1881-1965</marc:subfield></marc:datafield><marc:datafield tag="650" ind1=" " ind2="7"><marc:subfield code="a">CATÁLOGO DE EXPOSIÇÃO</marc:subfield><marc:subfield code="2">larpcal</marc:subfield></marc:datafield><marc:datafield tag="700" ind1="1" ind2=" "><marc:subfield code="a">Leite, José Roberto Teixeira</marc:subfield><marc:subfield code="4">text</marc:subfield><marc:subfield code="d">1930-</marc:subfield></marc:datafield><marc:datafield tag="945" ind1=" " ind2=" "><marc:subfield code="a">L</marc:subfield><marc:subfield code="b">CATALOGO DE EXPOSICAO</marc:subfield><marc:subfield code="c">52</marc:subfield></marc:datafield></marc:record>