
<marc:record><marc:leader>00456nam a2200157Ia 4500</marc:leader>
<marc:controlfield tag="005">20200121162300.0</marc:controlfield>
<marc:controlfield tag="008">200121s1980    bl            000 0 por d</marc:controlfield><marc:datafield tag="040" ind1=" " ind2=" "><marc:subfield code="a">USP/SIBI</marc:subfield></marc:datafield><marc:datafield tag="041" ind1="0" ind2=" "><marc:subfield code="a">por</marc:subfield></marc:datafield><marc:datafield tag="044" ind1=" " ind2=" "><marc:subfield code="a">bl</marc:subfield></marc:datafield><marc:datafield tag="100" ind1="1" ind2=" "><marc:subfield code="a">Fundação Nacional de Arte</marc:subfield></marc:datafield><marc:datafield tag="245" ind1="1" ind2="0"><marc:subfield code="a">Catálogo FUNARTE</marc:subfield><marc:subfield code="c">Fundação Nacional de Arte</marc:subfield></marc:datafield><marc:datafield tag="260" ind1=" " ind2=" "><marc:subfield code="a">Rio de Janeiro</marc:subfield><marc:subfield code="b">Edição FUNARTE</marc:subfield><marc:subfield code="c">1980</marc:subfield></marc:datafield><marc:datafield tag="300" ind1=" " ind2=" "><marc:subfield code="a">117 pg</marc:subfield><marc:subfield code="b">il.</marc:subfield><marc:subfield code="c">20 cm</marc:subfield></marc:datafield><marc:datafield tag="600" ind1="1" ind2="7"><marc:subfield code="a">CATÁLOGO COMERCIAL</marc:subfield><marc:subfield code="2">larpcal</marc:subfield></marc:datafield><marc:datafield tag="945" ind1=" " ind2=" "><marc:subfield code="a">L</marc:subfield><marc:subfield code="b">CATALOGO COMERCIAL</marc:subfield><marc:subfield code="c">53</marc:subfield></marc:datafield></marc:record>