
<marc:record><marc:leader>00428nam a2200145Ia 4500</marc:leader>
<marc:controlfield tag="005">20200129113400.0</marc:controlfield>
<marc:controlfield tag="008">200129s1980    bl            000 0 por d</marc:controlfield><marc:datafield tag="040" ind1=" " ind2=" "><marc:subfield code="a">USP/SIBI</marc:subfield></marc:datafield><marc:datafield tag="041" ind1="0" ind2=" "><marc:subfield code="a">por</marc:subfield></marc:datafield><marc:datafield tag="044" ind1=" " ind2=" "><marc:subfield code="a">bl</marc:subfield></marc:datafield><marc:datafield tag="245" ind1="1" ind2="0"><marc:subfield code="a">Solar das Artes</marc:subfield><marc:subfield code="b">Arnaldo A. de Leio A. SIlva leiloeiro oficial</marc:subfield></marc:datafield><marc:datafield tag="260" ind1=" " ind2=" "><marc:subfield code="a">São Paulo</marc:subfield><marc:subfield code="b">s.n</marc:subfield><marc:subfield code="c">1980</marc:subfield></marc:datafield><marc:datafield tag="500" ind1=" " ind2=" "><marc:subfield code="a">Catálogo de leilão, de 1 a 6 de dezembro 1980</marc:subfield></marc:datafield><marc:datafield tag="650" ind1=" " ind2="7"><marc:subfield code="a">LEILÃO</marc:subfield><marc:subfield code="2">larpcal</marc:subfield></marc:datafield><marc:datafield tag="945" ind1=" " ind2=" "><marc:subfield code="a">L</marc:subfield><marc:subfield code="b">CATALOGO COMERCIAL</marc:subfield><marc:subfield code="c">53</marc:subfield></marc:datafield></marc:record>