
<marc:record><marc:leader>00564nam a2200169Ia 4500</marc:leader>
<marc:controlfield tag="005">20200123100200.0</marc:controlfield>
<marc:controlfield tag="008">200123s1979    bl            000 0 por d</marc:controlfield><marc:datafield tag="040" ind1=" " ind2=" "><marc:subfield code="a">USP/SIBI</marc:subfield></marc:datafield><marc:datafield tag="041" ind1="0" ind2=" "><marc:subfield code="a">por</marc:subfield></marc:datafield><marc:datafield tag="044" ind1=" " ind2=" "><marc:subfield code="a">bl</marc:subfield></marc:datafield><marc:datafield tag="100" ind1="1" ind2=" "><marc:subfield code="a">Pereira Jr., Francisco</marc:subfield></marc:datafield><marc:datafield tag="245" ind1="1" ind2="3"><marc:subfield code="a">Os anos 60</marc:subfield><marc:subfield code="b">revisão das artes plásticas da Paraíba</marc:subfield><marc:subfield code="c">Francisco Pereira Jr. e Raul Córdula Filho</marc:subfield></marc:datafield><marc:datafield tag="260" ind1=" " ind2=" "><marc:subfield code="a">[João Pessoa]</marc:subfield><marc:subfield code="b">FUNARTE</marc:subfield><marc:subfield code="b">Universidade Federal da Paraíba</marc:subfield><marc:subfield code="c">1979</marc:subfield></marc:datafield><marc:datafield tag="300" ind1=" " ind2=" "><marc:subfield code="a">95 p</marc:subfield><marc:subfield code="b">il.</marc:subfield><marc:subfield code="c">21 cm</marc:subfield></marc:datafield><marc:datafield tag="650" ind1=" " ind2="7"><marc:subfield code="a">ARTES PLÁSTICAS</marc:subfield><marc:subfield code="z">PARAÍBA</marc:subfield><marc:subfield code="2">larpcal</marc:subfield></marc:datafield><marc:datafield tag="700" ind1="1" ind2=" "><marc:subfield code="a">Córdula, Raul</marc:subfield><marc:subfield code="4">text</marc:subfield><marc:subfield code="d">1943-</marc:subfield></marc:datafield><marc:datafield tag="945" ind1=" " ind2=" "><marc:subfield code="a">L</marc:subfield><marc:subfield code="b">LIVRO</marc:subfield><marc:subfield code="c">01</marc:subfield></marc:datafield></marc:record>