
<marc:record><marc:leader>01044nam a2200229Ia 4500</marc:leader>
<marc:controlfield tag="005">20190823114300.0</marc:controlfield>
<marc:controlfield tag="008">190823s1978    bl            000 0 por d</marc:controlfield><marc:datafield tag="040" ind1=" " ind2=" "><marc:subfield code="a">USP/SIBI</marc:subfield></marc:datafield><marc:datafield tag="041" ind1="0" ind2=" "><marc:subfield code="a">por</marc:subfield></marc:datafield><marc:datafield tag="044" ind1=" " ind2=" "><marc:subfield code="a">bl</marc:subfield></marc:datafield><marc:datafield tag="100" ind1="1" ind2=" "><marc:subfield code="a">Carpigiani, Wilson</marc:subfield><marc:subfield code="4">ed</marc:subfield></marc:datafield><marc:datafield tag="245" ind1="1" ind2="0"><marc:subfield code="a">História da imigração no Brasil</marc:subfield><marc:subfield code="b">as famílias</marc:subfield><marc:subfield code="c">edição por Wilson Carpigiani ; prefácio por Edevaldo Alves da Silva ; colaboração por Carlos Hunsche ...[et al.]</marc:subfield></marc:datafield><marc:datafield tag="260" ind1=" " ind2=" "><marc:subfield code="a">São Paulo</marc:subfield><marc:subfield code="b">Editora Cultura Brasileira</marc:subfield><marc:subfield code="c">1978</marc:subfield></marc:datafield><marc:datafield tag="300" ind1=" " ind2=" "><marc:subfield code="a">v.1: xxiii, [1], 376 p</marc:subfield><marc:subfield code="b">il., fot</marc:subfield><marc:subfield code="c">37 cm</marc:subfield></marc:datafield><marc:datafield tag="650" ind1=" " ind2="7"><marc:subfield code="a">IMIGRAÇÃO ITALIANA</marc:subfield><marc:subfield code="x">DESCRIÇÃO</marc:subfield><marc:subfield code="x">ASPECTOS HISTÓRICOS</marc:subfield><marc:subfield code="z">BRASIL</marc:subfield><marc:subfield code="2">larpcal</marc:subfield></marc:datafield><marc:datafield tag="650" ind1=" " ind2="7"><marc:subfield code="a">IMIGRAÇÃO ALEMÃ</marc:subfield><marc:subfield code="x">DESCRIÇÃO</marc:subfield><marc:subfield code="x">ASPECTOS HISTÓRICOS</marc:subfield><marc:subfield code="z">BRASIL</marc:subfield><marc:subfield code="2">larpcal</marc:subfield></marc:datafield><marc:datafield tag="650" ind1=" " ind2="7"><marc:subfield code="a">IMIGRAÇÃO ÁRABE</marc:subfield><marc:subfield code="x">DESCRIÇÃO</marc:subfield><marc:subfield code="x">ASPECTOS HISTÓRICOS</marc:subfield><marc:subfield code="z">BRASIL</marc:subfield><marc:subfield code="2">larpcal</marc:subfield></marc:datafield><marc:datafield tag="650" ind1=" " ind2="7"><marc:subfield code="a">IMIGRAÇÃO JAPONESA</marc:subfield><marc:subfield code="x">DESCRIÇÃO</marc:subfield><marc:subfield code="x">ASPECTOS HISTÓRICOS</marc:subfield><marc:subfield code="z">BRASIL</marc:subfield><marc:subfield code="2">larpcal</marc:subfield></marc:datafield><marc:datafield tag="650" ind1=" " ind2="7"><marc:subfield code="a">HISTÓRIA DO BRASIL</marc:subfield><marc:subfield code="x">ASPECTOS CULTURAIS</marc:subfield><marc:subfield code="2">larpcal</marc:subfield></marc:datafield><marc:datafield tag="700" ind1="1" ind2=" "><marc:subfield code="a">Silva, Edevaldo Alves da</marc:subfield><marc:subfield code="4">pref</marc:subfield></marc:datafield><marc:datafield tag="700" ind1="1" ind2=" "><marc:subfield code="a">Hunsche, Carlos</marc:subfield><marc:subfield code="4">colab</marc:subfield></marc:datafield><marc:datafield tag="945" ind1=" " ind2=" "><marc:subfield code="a">L</marc:subfield><marc:subfield code="b">LIVRO</marc:subfield><marc:subfield code="c">01</marc:subfield></marc:datafield></marc:record>