
<marc:record><marc:leader>00581nam a2200169Ia 4500</marc:leader>
<marc:controlfield tag="005">20191219114700.0</marc:controlfield>
<marc:controlfield tag="008">191219s1978    bl            000 0 por d</marc:controlfield><marc:datafield tag="040" ind1=" " ind2=" "><marc:subfield code="a">USP/SIBI</marc:subfield></marc:datafield><marc:datafield tag="041" ind1="0" ind2=" "><marc:subfield code="a">por</marc:subfield></marc:datafield><marc:datafield tag="044" ind1=" " ind2=" "><marc:subfield code="a">bl</marc:subfield></marc:datafield><marc:datafield tag="100" ind1="1" ind2=" "><marc:subfield code="a">Oliveira, Agamenon Guimarães de</marc:subfield></marc:datafield><marc:datafield tag="245" ind1="1" ind2="0"><marc:subfield code="a">Canbomblé sergipano</marc:subfield><marc:subfield code="b">subsídios para sua história</marc:subfield><marc:subfield code="c">Agamenon Guimarães de Oliveira</marc:subfield></marc:datafield><marc:datafield tag="260" ind1=" " ind2=" "><marc:subfield code="a">[S.l.]</marc:subfield><marc:subfield code="b">Secretaria da Educação e Cultura e Campanha de Defesa do Folclore Brasileiro</marc:subfield><marc:subfield code="c">1978</marc:subfield></marc:datafield><marc:datafield tag="300" ind1=" " ind2=" "><marc:subfield code="a">1 v</marc:subfield><marc:subfield code="c">22 cm</marc:subfield></marc:datafield><marc:datafield tag="490" ind1="0" ind2=" "><marc:subfield code="a">Caderno de Folclore Sergipano</marc:subfield><marc:subfield code="v">4</marc:subfield></marc:datafield><marc:datafield tag="650" ind1=" " ind2="7"><marc:subfield code="a">CANDOMBLÉ</marc:subfield><marc:subfield code="z">SERGIPE</marc:subfield><marc:subfield code="2">larpcal</marc:subfield></marc:datafield><marc:datafield tag="945" ind1=" " ind2=" "><marc:subfield code="a">L</marc:subfield><marc:subfield code="b">LIVRO</marc:subfield><marc:subfield code="c">01</marc:subfield></marc:datafield></marc:record>