
<marc:record><marc:leader>00568nam a2200169Ia 4500</marc:leader>
<marc:controlfield tag="005">20200109101700.0</marc:controlfield>
<marc:controlfield tag="008">200109s1976    bl            000 0 por d</marc:controlfield><marc:datafield tag="040" ind1=" " ind2=" "><marc:subfield code="a">USP/SIBI</marc:subfield></marc:datafield><marc:datafield tag="041" ind1="0" ind2=" "><marc:subfield code="a">por</marc:subfield></marc:datafield><marc:datafield tag="044" ind1=" " ind2=" "><marc:subfield code="a">bl</marc:subfield></marc:datafield><marc:datafield tag="100" ind1="1" ind2=" "><marc:subfield code="a">Oliveira, Gilka Corrêa de</marc:subfield></marc:datafield><marc:datafield tag="245" ind1="1" ind2="0"><marc:subfield code="a">Ex-votos</marc:subfield><marc:subfield code="c">Gilka Corrêa de Oliveira</marc:subfield></marc:datafield><marc:datafield tag="260" ind1=" " ind2=" "><marc:subfield code="a">Recife</marc:subfield><marc:subfield code="b">Ministério da Educação e Cultura</marc:subfield><marc:subfield code="b">Instituto Joaquim Nabuco de Pesquisas Sociais</marc:subfield><marc:subfield code="b">Departamento de Antropologia</marc:subfield><marc:subfield code="b">Centro de Estudos Folclóricos</marc:subfield><marc:subfield code="c">1976</marc:subfield></marc:datafield><marc:datafield tag="300" ind1=" " ind2=" "><marc:subfield code="a">1 v</marc:subfield><marc:subfield code="c">22 cm</marc:subfield></marc:datafield><marc:datafield tag="490" ind1="1" ind2=" "><marc:subfield code="a">Série Folclore</marc:subfield><marc:subfield code="v">16</marc:subfield></marc:datafield><marc:datafield tag="650" ind1=" " ind2="7"><marc:subfield code="a">FOLCLORE</marc:subfield><marc:subfield code="2">larpcal</marc:subfield></marc:datafield><marc:datafield tag="945" ind1=" " ind2=" "><marc:subfield code="a">L</marc:subfield><marc:subfield code="b">LIVRO</marc:subfield><marc:subfield code="c">01</marc:subfield></marc:datafield></marc:record>