
<marc:record><marc:leader>00529nam a2200145Ia 4500</marc:leader>
<marc:controlfield tag="005">20200107113800.0</marc:controlfield>
<marc:controlfield tag="008">200107s1976    bl            000 0 por d</marc:controlfield><marc:datafield tag="040" ind1=" " ind2=" "><marc:subfield code="a">USP/SIBI</marc:subfield></marc:datafield><marc:datafield tag="041" ind1="0" ind2=" "><marc:subfield code="a">por</marc:subfield></marc:datafield><marc:datafield tag="044" ind1=" " ind2=" "><marc:subfield code="a">bl</marc:subfield></marc:datafield><marc:datafield tag="245" ind1="1" ind2="0"><marc:subfield code="a">Publicações Expostas</marc:subfield><marc:subfield code="b">Catálogo</marc:subfield><marc:subfield code="c">Universidade de São Paulo; Coordenadoria de atividades culturais; Grupo de integração do sistema de bibliotecas da usp</marc:subfield></marc:datafield><marc:datafield tag="260" ind1=" " ind2=" "><marc:subfield code="a">São Paulo</marc:subfield><marc:subfield code="b">IV Bienal Internacional do livro</marc:subfield><marc:subfield code="c">1976</marc:subfield></marc:datafield><marc:datafield tag="300" ind1=" " ind2=" "><marc:subfield code="c">23 cm</marc:subfield></marc:datafield><marc:datafield tag="650" ind1=" " ind2="7"><marc:subfield code="a">CATÁLOGO INSTITUCIONAL</marc:subfield><marc:subfield code="2">larpcal</marc:subfield></marc:datafield><marc:datafield tag="945" ind1=" " ind2=" "><marc:subfield code="a">L</marc:subfield><marc:subfield code="b">CATALOGO INSTITUCIONAL</marc:subfield><marc:subfield code="c">60</marc:subfield></marc:datafield></marc:record>