
<marc:record><marc:leader>00519nam a2200157Ia 4500</marc:leader>
<marc:controlfield tag="005">20190805123200.0</marc:controlfield>
<marc:controlfield tag="008">190805s1973    po            000 0 por d</marc:controlfield><marc:datafield tag="040" ind1=" " ind2=" "><marc:subfield code="a">USP/SIBI</marc:subfield></marc:datafield><marc:datafield tag="041" ind1="0" ind2=" "><marc:subfield code="a">por</marc:subfield></marc:datafield><marc:datafield tag="044" ind1=" " ind2=" "><marc:subfield code="a">po</marc:subfield></marc:datafield><marc:datafield tag="100" ind1="1" ind2=" "><marc:subfield code="a">Mourão-Ferreira, David</marc:subfield><marc:subfield code="d">1927-</marc:subfield></marc:datafield><marc:datafield tag="245" ind1="1" ind2="2"><marc:subfield code="a">A arte de amar, 1948-1962</marc:subfield><marc:subfield code="c">David Mourão Ferreira prólogo do autor; estudos críticos de João Palma-Ferreira e Eduardo Prado Coelho</marc:subfield></marc:datafield><marc:datafield tag="260" ind1=" " ind2=" "><marc:subfield code="a">[Lisboa]</marc:subfield><marc:subfield code="b">Editorial Verbo</marc:subfield><marc:subfield code="c">[1973]</marc:subfield></marc:datafield><marc:datafield tag="300" ind1=" " ind2=" "><marc:subfield code="a">271 p</marc:subfield><marc:subfield code="c">22 cm</marc:subfield></marc:datafield><marc:datafield tag="650" ind1=" " ind2="7"><marc:subfield code="a">POESIA</marc:subfield><marc:subfield code="z">PORTUGAL</marc:subfield><marc:subfield code="2">larpcal</marc:subfield></marc:datafield><marc:datafield tag="945" ind1=" " ind2=" "><marc:subfield code="a">L</marc:subfield><marc:subfield code="b">LIVRO</marc:subfield><marc:subfield code="c">01</marc:subfield></marc:datafield></marc:record>