
<marc:record><marc:leader>00856nam a2200217Ia 4500</marc:leader>
<marc:controlfield tag="005">20200123093100.0</marc:controlfield>
<marc:controlfield tag="008">200123s1973    po            000 0 por d</marc:controlfield><marc:datafield tag="040" ind1=" " ind2=" "><marc:subfield code="a">USP/SIBI</marc:subfield></marc:datafield><marc:datafield tag="041" ind1="0" ind2=" "><marc:subfield code="a">por</marc:subfield></marc:datafield><marc:datafield tag="044" ind1=" " ind2=" "><marc:subfield code="a">po</marc:subfield></marc:datafield><marc:datafield tag="100" ind1="1" ind2=" "><marc:subfield code="a">Upjohn, Everard M.</marc:subfield></marc:datafield><marc:datafield tag="245" ind1="1" ind2="0"><marc:subfield code="a">História mundial da arte</marc:subfield><marc:subfield code="c">Everard M. Upjohn, Paul S. Wingert e Jane Gaston Mahler</marc:subfield></marc:datafield><marc:datafield tag="250" ind1=" " ind2=" "><marc:subfield code="a">2. ed</marc:subfield></marc:datafield><marc:datafield tag="260" ind1=" " ind2=" "><marc:subfield code="a">Lisboa</marc:subfield><marc:subfield code="b">Bertrand</marc:subfield><marc:subfield code="c">-1973</marc:subfield></marc:datafield><marc:datafield tag="300" ind1=" " ind2=" "><marc:subfield code="a">6 v</marc:subfield><marc:subfield code="c">18 cm</marc:subfield><marc:subfield code="b">il.</marc:subfield></marc:datafield><marc:datafield tag="505" ind1="0" ind2=" "><marc:subfield code="a">v.1. Da pré-história a Grécia antiga -- v.2. Dos etruscos ao fim da Idade Média -- v.3. O renascimento -- v.4. Do Barroco ao romantismo -- v.5. Oriente e Extremo Oriente -- v.6. Artes primitivas, arte moderna</marc:subfield></marc:datafield><marc:datafield tag="500" ind1=" " ind2=" "><marc:subfield code="a">Enciclopédia de Bolso Bertrand</marc:subfield></marc:datafield><marc:datafield tag="650" ind1=" " ind2="7"><marc:subfield code="a">HISTÓRIA DA ARTE</marc:subfield><marc:subfield code="2">larpcal</marc:subfield></marc:datafield><marc:datafield tag="700" ind1="1" ind2=" "><marc:subfield code="a">Wingert, Paul S.</marc:subfield><marc:subfield code="q">(Paul Stover)</marc:subfield><marc:subfield code="d">1900-1974</marc:subfield><marc:subfield code="4">text</marc:subfield></marc:datafield><marc:datafield tag="700" ind1="1" ind2=" "><marc:subfield code="a">Mahler, Jane Gaston</marc:subfield><marc:subfield code="4">text</marc:subfield></marc:datafield><marc:datafield tag="945" ind1=" " ind2=" "><marc:subfield code="a">L</marc:subfield><marc:subfield code="b">LIVRO</marc:subfield><marc:subfield code="c">01</marc:subfield></marc:datafield></marc:record>