
<marc:record><marc:leader>00576nam a2200169Ia 4500</marc:leader>
<marc:controlfield tag="005">20200115114300.0</marc:controlfield>
<marc:controlfield tag="008">200115s1971    bl            000 0 por d</marc:controlfield><marc:datafield tag="040" ind1=" " ind2=" "><marc:subfield code="a">USP/SIBI</marc:subfield></marc:datafield><marc:datafield tag="041" ind1="0" ind2=" "><marc:subfield code="a">por</marc:subfield></marc:datafield><marc:datafield tag="044" ind1=" " ind2=" "><marc:subfield code="a">bl</marc:subfield></marc:datafield><marc:datafield tag="100" ind1="1" ind2=" "><marc:subfield code="a">Graciotti, Mário</marc:subfield></marc:datafield><marc:datafield tag="245" ind1="1" ind2="0"><marc:subfield code="a">O firmamento no universo finito (em tôrno de alguns mistérios da Cosmografia)</marc:subfield><marc:subfield code="c">Mário Graciotti</marc:subfield></marc:datafield><marc:datafield tag="260" ind1=" " ind2=" "><marc:subfield code="a">São Paulo</marc:subfield><marc:subfield code="b">Clube do Livro</marc:subfield><marc:subfield code="c">1971</marc:subfield></marc:datafield><marc:datafield tag="300" ind1=" " ind2=" "><marc:subfield code="a">371 p</marc:subfield><marc:subfield code="b">il.</marc:subfield><marc:subfield code="c">27 cm</marc:subfield></marc:datafield><marc:datafield tag="590" ind1=" " ind2=" "><marc:subfield code="a">O exemplar da coleção José Aderaldo Castello contém dedicatória (na biblioteca do IEB)</marc:subfield></marc:datafield><marc:datafield tag="650" ind1=" " ind2="7"><marc:subfield code="a">COSMOLOGIA</marc:subfield><marc:subfield code="2">larpcal</marc:subfield></marc:datafield><marc:datafield tag="945" ind1=" " ind2=" "><marc:subfield code="a">L</marc:subfield><marc:subfield code="b">LIVRO</marc:subfield><marc:subfield code="c">01</marc:subfield></marc:datafield></marc:record>