
<marc:record><marc:leader>00556nam a2200169Ia 4500</marc:leader>
<marc:controlfield tag="005">20200120102700.0</marc:controlfield>
<marc:controlfield tag="008">200120s1970    po            000 0 por d</marc:controlfield><marc:datafield tag="040" ind1=" " ind2=" "><marc:subfield code="a">USP/SIBI</marc:subfield></marc:datafield><marc:datafield tag="041" ind1="0" ind2=" "><marc:subfield code="a">por</marc:subfield></marc:datafield><marc:datafield tag="044" ind1=" " ind2=" "><marc:subfield code="a">po</marc:subfield></marc:datafield><marc:datafield tag="110" ind1="2" ind2=" "><marc:subfield code="a">Secretaria de Estado da Informação e Turismo</marc:subfield></marc:datafield><marc:datafield tag="245" ind1="1" ind2="0"><marc:subfield code="a">Desenhos de Pedro Américo</marc:subfield><marc:subfield code="b">pintor neoclássico brasileiro do século XIX</marc:subfield></marc:datafield><marc:datafield tag="260" ind1=" " ind2=" "><marc:subfield code="a">Lisboa</marc:subfield><marc:subfield code="b">[s.n.]</marc:subfield><marc:subfield code="c">1970</marc:subfield></marc:datafield><marc:datafield tag="300" ind1=" " ind2=" "><marc:subfield code="a">1 v</marc:subfield><marc:subfield code="b">il.</marc:subfield><marc:subfield code="c">24 cm</marc:subfield></marc:datafield><marc:datafield tag="600" ind1="1" ind2="7"><marc:subfield code="a">Américo, Pedro</marc:subfield><marc:subfield code="q">(Pedro Américo de Figueiredo e Mello)</marc:subfield><marc:subfield code="d">1843-1905</marc:subfield></marc:datafield><marc:datafield tag="650" ind1=" " ind2="7"><marc:subfield code="a">CATÁLOGO DE EXPOSIÇÃO</marc:subfield><marc:subfield code="2">larpcal</marc:subfield></marc:datafield><marc:datafield tag="945" ind1=" " ind2=" "><marc:subfield code="a">L</marc:subfield><marc:subfield code="b">LIVRO</marc:subfield><marc:subfield code="c">01</marc:subfield></marc:datafield></marc:record>