
<marc:record><marc:leader>00440nam a2200145Ia 4500</marc:leader>
<marc:controlfield tag="005">20200218155800.0</marc:controlfield>
<marc:controlfield tag="008">200218s1969    bl            000 0 por d</marc:controlfield><marc:datafield tag="040" ind1=" " ind2=" "><marc:subfield code="a">USP/SIBI</marc:subfield></marc:datafield><marc:datafield tag="041" ind1="0" ind2=" "><marc:subfield code="a">por</marc:subfield></marc:datafield><marc:datafield tag="044" ind1=" " ind2=" "><marc:subfield code="a">bl</marc:subfield></marc:datafield><marc:datafield tag="245" ind1="1" ind2="0"><marc:subfield code="a">Catálogos de cartas e publicações</marc:subfield><marc:subfield code="b">Divisão cultural, setor de vendas</marc:subfield><marc:subfield code="c">Fundação IBGE</marc:subfield></marc:datafield><marc:datafield tag="260" ind1=" " ind2=" "><marc:subfield code="a">Guanabara</marc:subfield><marc:subfield code="b">IBGE</marc:subfield><marc:subfield code="c">1969</marc:subfield></marc:datafield><marc:datafield tag="600" ind1="1" ind2="7"><marc:subfield code="a">IBGE</marc:subfield><marc:subfield code="2">larpcal</marc:subfield></marc:datafield><marc:datafield tag="650" ind1=" " ind2="7"><marc:subfield code="a">CATÁLOGO SISTEMÁTICO</marc:subfield><marc:subfield code="2">larpcal</marc:subfield></marc:datafield><marc:datafield tag="945" ind1=" " ind2=" "><marc:subfield code="a">L</marc:subfield><marc:subfield code="b">CATALOGO INSTITUCIONAL</marc:subfield><marc:subfield code="c">60</marc:subfield></marc:datafield></marc:record>