
<marc:record><marc:leader>00734nam a2200169Ia 4500</marc:leader>
<marc:controlfield tag="005">20190910143600.0</marc:controlfield>
<marc:controlfield tag="008">190910s1968    bl            000 0 por d</marc:controlfield><marc:datafield tag="040" ind1=" " ind2=" "><marc:subfield code="a">USP/SIBI</marc:subfield></marc:datafield><marc:datafield tag="041" ind1="0" ind2=" "><marc:subfield code="a">por</marc:subfield></marc:datafield><marc:datafield tag="044" ind1=" " ind2=" "><marc:subfield code="a">bl</marc:subfield></marc:datafield><marc:datafield tag="110" ind1="2" ind2=" "><marc:subfield code="a">Faculdade de Filosofia, Ciências e Letras. Universidade de São Paulo</marc:subfield></marc:datafield><marc:datafield tag="245" ind1="1" ind2="0"><marc:subfield code="a">Bibliografia sucinta da literatura brasileira</marc:subfield><marc:subfield code="b">sécs. XVI a XX</marc:subfield><marc:subfield code="c">Universidade de São Paulo</marc:subfield></marc:datafield><marc:datafield tag="260" ind1=" " ind2=" "><marc:subfield code="a">São Paulo</marc:subfield><marc:subfield code="b">Faculdade de Filosofia Ciências e Letras. Universidade de São Paulo</marc:subfield><marc:subfield code="c">1968</marc:subfield></marc:datafield><marc:datafield tag="300" ind1=" " ind2=" "><marc:subfield code="a">67 p</marc:subfield><marc:subfield code="c">32 cm</marc:subfield></marc:datafield><marc:datafield tag="500" ind1=" " ind2=" "><marc:subfield code="a">Acima do título: Faculdade de filosofia, ciências e letras da Universidade de São Paulo. Cadeira de literatura brasileira</marc:subfield></marc:datafield><marc:datafield tag="650" ind1=" " ind2="7"><marc:subfield code="a">CATÁLOGO INSTITUCIONAL</marc:subfield><marc:subfield code="2">larpcal</marc:subfield></marc:datafield><marc:datafield tag="945" ind1=" " ind2=" "><marc:subfield code="a">L</marc:subfield><marc:subfield code="b">CATALOGO INSTITUCIONAL</marc:subfield><marc:subfield code="c">60</marc:subfield></marc:datafield></marc:record>