
<marc:record><marc:leader>00794nam a2200205Ia 4500</marc:leader>
<marc:controlfield tag="005">20200122094300.0</marc:controlfield>
<marc:controlfield tag="008">200122s1967    bl            000 0 por d</marc:controlfield><marc:datafield tag="040" ind1=" " ind2=" "><marc:subfield code="a">USP/SIBI</marc:subfield></marc:datafield><marc:datafield tag="041" ind1="0" ind2=" "><marc:subfield code="a">por</marc:subfield></marc:datafield><marc:datafield tag="044" ind1=" " ind2=" "><marc:subfield code="a">bl</marc:subfield></marc:datafield><marc:datafield tag="110" ind1="2" ind2=" "><marc:subfield code="a">Museu de Arte Contemporânea da Universidade de São Paulo</marc:subfield></marc:datafield><marc:datafield tag="245" ind1="1" ind2="0"><marc:subfield code="a">Obras recentes de Juan Ventayol</marc:subfield><marc:subfield code="c">introdução de Walter Zanini ; fotografias de German Lorca</marc:subfield></marc:datafield><marc:datafield tag="260" ind1=" " ind2=" "><marc:subfield code="a">São Paulo</marc:subfield><marc:subfield code="b">MAC - USP</marc:subfield><marc:subfield code="c">1967</marc:subfield></marc:datafield><marc:datafield tag="300" ind1=" " ind2=" "><marc:subfield code="a">1 v</marc:subfield><marc:subfield code="b">fotog.</marc:subfield><marc:subfield code="c">19 cm</marc:subfield></marc:datafield><marc:datafield tag="500" ind1=" " ind2=" "><marc:subfield code="a">8 de março a 7 de abril de 1967. Exposição realizada em intercâmbio com o Museu de Arte do Rio Grande do Sul</marc:subfield></marc:datafield><marc:datafield tag="600" ind1="1" ind2="7"><marc:subfield code="a">Ventayol, Juan,</marc:subfield><marc:subfield code="d">1915-1971</marc:subfield></marc:datafield><marc:datafield tag="650" ind1=" " ind2="7"><marc:subfield code="a">CATÁLOGO DE EXPOSIÇÃO</marc:subfield><marc:subfield code="2">larpcal</marc:subfield></marc:datafield><marc:datafield tag="700" ind1="1" ind2=" "><marc:subfield code="a">Zanini, Walter</marc:subfield><marc:subfield code="4">intr</marc:subfield><marc:subfield code="d">1925-2013</marc:subfield></marc:datafield><marc:datafield tag="700" ind1="1" ind2=" "><marc:subfield code="a">Lorca, German</marc:subfield><marc:subfield code="4">fotog</marc:subfield><marc:subfield code="d">1922-</marc:subfield></marc:datafield><marc:datafield tag="945" ind1=" " ind2=" "><marc:subfield code="a">L</marc:subfield><marc:subfield code="b">CATALOGO DE EXPOSICAO</marc:subfield><marc:subfield code="c">52</marc:subfield></marc:datafield></marc:record>