
<marc:record><marc:leader>00754nam a2200181Ia 4500</marc:leader>
<marc:controlfield tag="005">20191007094300.0</marc:controlfield>
<marc:controlfield tag="008">191007s1965    bl            000 0 por d</marc:controlfield><marc:datafield tag="040" ind1=" " ind2=" "><marc:subfield code="a">USP/SIBI</marc:subfield></marc:datafield><marc:datafield tag="041" ind1="0" ind2=" "><marc:subfield code="a">por</marc:subfield></marc:datafield><marc:datafield tag="044" ind1=" " ind2=" "><marc:subfield code="a">bl</marc:subfield></marc:datafield><marc:datafield tag="100" ind1="1" ind2=" "><marc:subfield code="a">Kossyguin, A.</marc:subfield></marc:datafield><marc:datafield tag="245" ind1="1" ind2="0"><marc:subfield code="a">Sôbre o melhoramento da direção da indústria, aperfeiçoamento da planificação e refôrço do estímulo econômico da produção industrial</marc:subfield><marc:subfield code="c">discurso de A. Kossyguin , L. Brejnev</marc:subfield></marc:datafield><marc:datafield tag="260" ind1=" " ind2=" "><marc:subfield code="a">[s.l.]</marc:subfield><marc:subfield code="b">Pravda</marc:subfield><marc:subfield code="c">1965</marc:subfield></marc:datafield><marc:datafield tag="300" ind1=" " ind2=" "><marc:subfield code="a">78 p</marc:subfield><marc:subfield code="c">21 cm</marc:subfield></marc:datafield><marc:datafield tag="500" ind1=" " ind2=" "><marc:subfield code="a">Discurso de A. Kossyguin, membro do Presidium do PCUS, Presidente do Conselho de Ministros da URSS ; Discurso de L. Brejnev, Primeiro Secretário do Comitê Central do PCUS</marc:subfield></marc:datafield><marc:datafield tag="650" ind1=" " ind2="7"><marc:subfield code="a">DISCURSO</marc:subfield><marc:subfield code="2">larpcal</marc:subfield></marc:datafield><marc:datafield tag="700" ind1="1" ind2=" "><marc:subfield code="a">Brejnev, L.</marc:subfield><marc:subfield code="4">text</marc:subfield></marc:datafield><marc:datafield tag="945" ind1=" " ind2=" "><marc:subfield code="a">L</marc:subfield><marc:subfield code="b">LIVRO</marc:subfield><marc:subfield code="c">01</marc:subfield></marc:datafield></marc:record>