
<marc:record><marc:leader>00500nam a2200169Ia 4500</marc:leader>
<marc:controlfield tag="005">20200129102700.0</marc:controlfield>
<marc:controlfield tag="008">200129s1965    bl            000 0 por d</marc:controlfield><marc:datafield tag="040" ind1=" " ind2=" "><marc:subfield code="a">USP/SIBI</marc:subfield></marc:datafield><marc:datafield tag="041" ind1="0" ind2=" "><marc:subfield code="a">por</marc:subfield></marc:datafield><marc:datafield tag="044" ind1=" " ind2=" "><marc:subfield code="a">bl</marc:subfield></marc:datafield><marc:datafield tag="100" ind1="1" ind2=" "><marc:subfield code="a">Raeders, Georges</marc:subfield><marc:subfield code="d">1896-1980</marc:subfield></marc:datafield><marc:datafield tag="245" ind1="1" ind2="0"><marc:subfield code="a">O cinquentenário da fundação do &quot;Vieux Colombier&quot;</marc:subfield><marc:subfield code="c">Georges Raeders</marc:subfield></marc:datafield><marc:datafield tag="260" ind1=" " ind2=" "><marc:subfield code="a">Porto Alegre</marc:subfield><marc:subfield code="b">Faculda de Filosofia URGS</marc:subfield><marc:subfield code="c">1965</marc:subfield></marc:datafield><marc:datafield tag="300" ind1=" " ind2=" "><marc:subfield code="a">109 p</marc:subfield><marc:subfield code="c">20 cm</marc:subfield></marc:datafield><marc:datafield tag="490" ind1="0" ind2=" "><marc:subfield code="a">Coleção Ensaios</marc:subfield><marc:subfield code="v">4</marc:subfield></marc:datafield><marc:datafield tag="650" ind1=" " ind2="7"><marc:subfield code="a">TEATRO</marc:subfield><marc:subfield code="z">FRANÇA</marc:subfield><marc:subfield code="2">larpcal</marc:subfield></marc:datafield><marc:datafield tag="945" ind1=" " ind2=" "><marc:subfield code="a">L</marc:subfield><marc:subfield code="b">LIVRO</marc:subfield><marc:subfield code="c">01</marc:subfield></marc:datafield></marc:record>