
<marc:record><marc:leader>00773nam a2200181Ia 4500</marc:leader>
<marc:controlfield tag="005">20200122114100.0</marc:controlfield>
<marc:controlfield tag="008">200122s1963    po            000 0 por d</marc:controlfield><marc:datafield tag="040" ind1=" " ind2=" "><marc:subfield code="a">USP/SIBI</marc:subfield></marc:datafield><marc:datafield tag="041" ind1="0" ind2=" "><marc:subfield code="a">por</marc:subfield></marc:datafield><marc:datafield tag="044" ind1=" " ind2=" "><marc:subfield code="a">po</marc:subfield></marc:datafield><marc:datafield tag="111" ind1="2" ind2=" "><marc:subfield code="a">V Colóquio Internacional de Estudos Luso-Brasileiros</marc:subfield></marc:datafield><marc:datafield tag="245" ind1="1" ind2="0"><marc:subfield code="a">Exposição de arte portuguesa e ultramarina</marc:subfield><marc:subfield code="b">2 de setembro - 22 de outubro 1963</marc:subfield><marc:subfield code="c">apresentação de Luís Reis-Santos</marc:subfield></marc:datafield><marc:datafield tag="260" ind1=" " ind2=" "><marc:subfield code="a">Coimbra</marc:subfield><marc:subfield code="b">Museu Machado de Castro</marc:subfield><marc:subfield code="c">Coimbra</marc:subfield></marc:datafield><marc:datafield tag="300" ind1=" " ind2=" "><marc:subfield code="a">78 p</marc:subfield><marc:subfield code="c">20 cm</marc:subfield><marc:subfield code="b">fotog.</marc:subfield></marc:datafield><marc:datafield tag="500" ind1=" " ind2=" "><marc:subfield code="a">Exposição organizada sob o patrocínio do Instituto de Alta Cultura da Fundação Calouste Gulbenkian e da Universidade de Coimbra</marc:subfield></marc:datafield><marc:datafield tag="650" ind1=" " ind2="7"><marc:subfield code="a">CATÁLOGO DE EXPOSIÇÃO</marc:subfield><marc:subfield code="z">PORTUGAL</marc:subfield><marc:subfield code="2">larpcal</marc:subfield></marc:datafield><marc:datafield tag="700" ind1="1" ind2=" "><marc:subfield code="a">Reis-Santos, Luís</marc:subfield><marc:subfield code="4">apres</marc:subfield><marc:subfield code="d">1898-</marc:subfield></marc:datafield><marc:datafield tag="945" ind1=" " ind2=" "><marc:subfield code="a">L</marc:subfield><marc:subfield code="b">CATALOGO DE EXPOSICAO</marc:subfield><marc:subfield code="c">52</marc:subfield></marc:datafield></marc:record>