
<marc:record><marc:leader>00951nam a2200205Ia 4500</marc:leader>
<marc:controlfield tag="005">20200131155500.0</marc:controlfield>
<marc:controlfield tag="008">200131s1961    bl            000 0 por d</marc:controlfield><marc:datafield tag="040" ind1=" " ind2=" "><marc:subfield code="a">USP/SIBI</marc:subfield></marc:datafield><marc:datafield tag="041" ind1="0" ind2=" "><marc:subfield code="a">por</marc:subfield></marc:datafield><marc:datafield tag="044" ind1=" " ind2=" "><marc:subfield code="a">bl</marc:subfield></marc:datafield><marc:datafield tag="100" ind1="1" ind2=" "><marc:subfield code="a">Nunes, Cassiano</marc:subfield><marc:subfield code="d">1921-2007</marc:subfield></marc:datafield><marc:datafield tag="245" ind1="1" ind2="0"><marc:subfield code="a">Resenhas de livros norte-americanos</marc:subfield><marc:subfield code="c">Cassiano Nunes</marc:subfield></marc:datafield><marc:datafield tag="260" ind1=" " ind2=" "><marc:subfield code="a">Assis</marc:subfield><marc:subfield code="b">Faculdade de Filosofia, Ciências e Letras de Assis</marc:subfield><marc:subfield code="c">1961</marc:subfield></marc:datafield><marc:datafield tag="300" ind1=" " ind2=" "><marc:subfield code="a">8 p</marc:subfield><marc:subfield code="c">23 cm</marc:subfield></marc:datafield><marc:datafield tag="590" ind1=" " ind2=" "><marc:subfield code="a">O exemplar da coleção José Aderaldo Castello contém dedicatória (na biblioteca do IEB)</marc:subfield></marc:datafield><marc:datafield tag="500" ind1=" " ind2=" "><marc:subfield code="a">Separata da Revista de Letras - v.2 - 1961</marc:subfield></marc:datafield><marc:datafield tag="505" ind1="0" ind2=" "><marc:subfield code="a">The Oxford Companion to American Litterature, de James D. Hart -- Selected Letters of Thomas Wolfe, edição preparada por Elisabeth Nowell -- American Classics Reconsidered: A Christian Appraisal, organização do Rev. Harold C. Gardiner, S. J.</marc:subfield></marc:datafield><marc:datafield tag="650" ind1=" " ind2="7"><marc:subfield code="a">RESENHAS BIBLIOGRÁFICAS</marc:subfield><marc:subfield code="2">larpcal</marc:subfield></marc:datafield><marc:datafield tag="650" ind1=" " ind2="7"><marc:subfield code="a">LITERATURA NORTE-AMERICANA</marc:subfield><marc:subfield code="2">larpcal</marc:subfield></marc:datafield><marc:datafield tag="945" ind1=" " ind2=" "><marc:subfield code="a">L</marc:subfield><marc:subfield code="b">LIVRO</marc:subfield><marc:subfield code="c">01</marc:subfield></marc:datafield></marc:record>