
<marc:record><marc:leader>00934nam a2200217Ia 4500</marc:leader>
<marc:controlfield tag="005">20191112115800.0</marc:controlfield>
<marc:controlfield tag="008">191112s1960    po            000 0 por d</marc:controlfield><marc:datafield tag="040" ind1=" " ind2=" "><marc:subfield code="a">USP/SIBI</marc:subfield></marc:datafield><marc:datafield tag="041" ind1="0" ind2=" "><marc:subfield code="a">por</marc:subfield></marc:datafield><marc:datafield tag="044" ind1=" " ind2=" "><marc:subfield code="a">po</marc:subfield></marc:datafield><marc:datafield tag="245" ind1="1" ind2="0"><marc:subfield code="a">Infante D. Henrique</marc:subfield><marc:subfield code="c">diração artística Dr. Frederico Marjay ; introdução Almirante Fernando de Quintanilha e Mendonça Dias ; texto Costa Brochado , Vitorino Nemésio , Padre Maurício S. J. ... [et al.]</marc:subfield></marc:datafield><marc:datafield tag="260" ind1=" " ind2=" "><marc:subfield code="a">Lisboa</marc:subfield><marc:subfield code="b">Comissão Executiva das Comemorações do Quinto Centenário da Morte do Infante D. Henrique</marc:subfield><marc:subfield code="c">1960</marc:subfield></marc:datafield><marc:datafield tag="300" ind1=" " ind2=" "><marc:subfield code="a">92 p</marc:subfield><marc:subfield code="b">il., fotog.</marc:subfield><marc:subfield code="c">29 cm</marc:subfield></marc:datafield><marc:datafield tag="650" ind1=" " ind2="7"><marc:subfield code="a">HISTÓRIA DE PORTUGAL</marc:subfield><marc:subfield code="2">larpcal</marc:subfield></marc:datafield><marc:datafield tag="650" ind1=" " ind2="7"><marc:subfield code="a">FOTOGRAFIA EM PRETO E BRANCO</marc:subfield><marc:subfield code="2">larpcal</marc:subfield></marc:datafield><marc:datafield tag="700" ind1="1" ind2=" "><marc:subfield code="a">Marjay, Frederico</marc:subfield><marc:subfield code="4">dir artístico</marc:subfield></marc:datafield><marc:datafield tag="700" ind1="1" ind2=" "><marc:subfield code="a">Dias, Fernando de Quintanilha e Mendonça</marc:subfield><marc:subfield code="4">intr</marc:subfield></marc:datafield><marc:datafield tag="700" ind1="1" ind2=" "><marc:subfield code="a">Brochado, Costa</marc:subfield><marc:subfield code="4">text</marc:subfield></marc:datafield><marc:datafield tag="700" ind1="1" ind2=" "><marc:subfield code="a">Nemésio, Vitorino</marc:subfield><marc:subfield code="d">1901-1978</marc:subfield><marc:subfield code="4">text</marc:subfield></marc:datafield><marc:datafield tag="700" ind1="1" ind2=" "><marc:subfield code="a">S. J., Maurício</marc:subfield><marc:subfield code="4">text</marc:subfield></marc:datafield><marc:datafield tag="945" ind1=" " ind2=" "><marc:subfield code="a">L</marc:subfield><marc:subfield code="b">LIVRO</marc:subfield><marc:subfield code="c">01</marc:subfield></marc:datafield></marc:record>