
<marc:record><marc:leader>00412nam a2200145Ia 4500</marc:leader>
<marc:controlfield tag="005">20200120131800.0</marc:controlfield>
<marc:controlfield tag="008">200120s1960    bl            000 0 por d</marc:controlfield><marc:datafield tag="040" ind1=" " ind2=" "><marc:subfield code="a">USP/SIBI</marc:subfield></marc:datafield><marc:datafield tag="041" ind1="0" ind2=" "><marc:subfield code="a">por</marc:subfield></marc:datafield><marc:datafield tag="044" ind1=" " ind2=" "><marc:subfield code="a">bl</marc:subfield></marc:datafield><marc:datafield tag="245" ind1="1" ind2="0"><marc:subfield code="a">VII Peregrinação de Universitários à Aparecida</marc:subfield><marc:subfield code="b">27-28 de Agôsto de 1960</marc:subfield></marc:datafield><marc:datafield tag="260" ind1=" " ind2=" "><marc:subfield code="a">São Paulo</marc:subfield><marc:subfield code="b">Imprimatur</marc:subfield><marc:subfield code="c">1960</marc:subfield></marc:datafield><marc:datafield tag="650" ind1=" " ind2="7"><marc:subfield code="a">PEREGRINAÇÃO</marc:subfield><marc:subfield code="2">larpcal</marc:subfield></marc:datafield><marc:datafield tag="650" ind1=" " ind2="7"><marc:subfield code="a">APARECIDA (SP)</marc:subfield></marc:datafield><marc:datafield tag="945" ind1=" " ind2=" "><marc:subfield code="a">L</marc:subfield><marc:subfield code="b">FOLHETO</marc:subfield><marc:subfield code="c">17</marc:subfield></marc:datafield></marc:record>