
<marc:record><marc:leader>00565nam a2200145Ia 4500</marc:leader>
<marc:controlfield tag="005">20200120135100.0</marc:controlfield>
<marc:controlfield tag="008">200120s1958    bl            000 0 por d</marc:controlfield><marc:datafield tag="040" ind1=" " ind2=" "><marc:subfield code="a">USP/SIBI</marc:subfield></marc:datafield><marc:datafield tag="041" ind1="0" ind2=" "><marc:subfield code="a">por</marc:subfield></marc:datafield><marc:datafield tag="044" ind1=" " ind2=" "><marc:subfield code="a">bl</marc:subfield></marc:datafield><marc:datafield tag="245" ind1="1" ind2="0"><marc:subfield code="a">Síntese de coordenação das organizações católicas do apostolado dos leigos</marc:subfield><marc:subfield code="c">Celam</marc:subfield></marc:datafield><marc:datafield tag="260" ind1=" " ind2=" "><marc:subfield code="a">São Paulo</marc:subfield><marc:subfield code="b">Arquidiocese de São Paulo</marc:subfield><marc:subfield code="c">1958</marc:subfield></marc:datafield><marc:datafield tag="500" ind1=" " ind2=" "><marc:subfield code="a">Homenagem de &quot;O São Paulo&quot; à Ação Católica Brasileira na Arquidiocese de São Paulo por ocasião do &quot;Dia da Ação Católica&quot; 14-9-1958</marc:subfield></marc:datafield><marc:datafield tag="650" ind1=" " ind2="7"><marc:subfield code="a">IGREJA CATÓLICA</marc:subfield><marc:subfield code="2">larpcal</marc:subfield></marc:datafield><marc:datafield tag="945" ind1=" " ind2=" "><marc:subfield code="a">L</marc:subfield><marc:subfield code="b">LIVRO</marc:subfield><marc:subfield code="c">01</marc:subfield></marc:datafield></marc:record>