
<marc:record><marc:leader>00509nam a2200169Ia 4500</marc:leader>
<marc:controlfield tag="005">20190828111200.0</marc:controlfield>
<marc:controlfield tag="008">190828s1953    po            000 0 por d</marc:controlfield><marc:datafield tag="040" ind1=" " ind2=" "><marc:subfield code="a">USP/SIBI</marc:subfield></marc:datafield><marc:datafield tag="041" ind1="0" ind2=" "><marc:subfield code="a">por</marc:subfield></marc:datafield><marc:datafield tag="044" ind1=" " ind2=" "><marc:subfield code="a">po</marc:subfield></marc:datafield><marc:datafield tag="100" ind1="1" ind2=" "><marc:subfield code="a">Costa, Júlio de Sousa e</marc:subfield></marc:datafield><marc:datafield tag="245" ind1="1" ind2="0"><marc:subfield code="a">Eça de Queiroz</marc:subfield><marc:subfield code="b">memórias da sua estada em Leiria (1870-1871)</marc:subfield><marc:subfield code="c">Júlio de Sousa e Costa</marc:subfield></marc:datafield><marc:datafield tag="260" ind1=" " ind2=" "><marc:subfield code="a">Lisboa</marc:subfield><marc:subfield code="b">Sá da Costa</marc:subfield><marc:subfield code="c">[1953]</marc:subfield></marc:datafield><marc:datafield tag="300" ind1=" " ind2=" "><marc:subfield code="a">202 p</marc:subfield><marc:subfield code="c">20 cm</marc:subfield></marc:datafield><marc:datafield tag="600" ind1="1" ind2="7"><marc:subfield code="a">Queiroz, Eça de</marc:subfield><marc:subfield code="d">1845-1900</marc:subfield></marc:datafield><marc:datafield tag="650" ind1=" " ind2="7"><marc:subfield code="a">MEMÓRIAS</marc:subfield><marc:subfield code="z">PORTUGAL</marc:subfield><marc:subfield code="2">larpcal</marc:subfield></marc:datafield><marc:datafield tag="945" ind1=" " ind2=" "><marc:subfield code="a">L</marc:subfield><marc:subfield code="b">LIVRO</marc:subfield><marc:subfield code="c">01</marc:subfield></marc:datafield></marc:record>