
<marc:record><marc:leader>00872nam a2200169Ia 4500</marc:leader>
<marc:controlfield tag="005">20191220142500.0</marc:controlfield>
<marc:controlfield tag="008">191220s1953    bl            000 0 por d</marc:controlfield><marc:datafield tag="040" ind1=" " ind2=" "><marc:subfield code="a">USP/SIBI</marc:subfield></marc:datafield><marc:datafield tag="041" ind1="0" ind2=" "><marc:subfield code="a">por</marc:subfield></marc:datafield><marc:datafield tag="044" ind1=" " ind2=" "><marc:subfield code="a">bl</marc:subfield></marc:datafield><marc:datafield tag="100" ind1="1" ind2=" "><marc:subfield code="a">Wey, Walter</marc:subfield></marc:datafield><marc:datafield tag="245" ind1="1" ind2="2"><marc:subfield code="a">O intercâmbio cultural entre Brasil e Uruguai em 1952</marc:subfield><marc:subfield code="c">Walter Wey</marc:subfield></marc:datafield><marc:datafield tag="260" ind1=" " ind2=" "><marc:subfield code="a">Montevideo</marc:subfield><marc:subfield code="b">Publicações do Instituto de Cultura Uruguaio-Brasileiro</marc:subfield><marc:subfield code="c">1953</marc:subfield></marc:datafield><marc:datafield tag="300" ind1=" " ind2=" "><marc:subfield code="a">16 p</marc:subfield><marc:subfield code="c">18 cm</marc:subfield></marc:datafield><marc:datafield tag="500" ind1=" " ind2=" "><marc:subfield code="a">Discurso pronunciado no dia 10 de setembro de 1953 pelo prof. Walter Wey, diretor da Seção Didática do Instituto de Cultura Uruguaio-Brasileiro, na solenidade de encerramento da Semana de Homenagens ao GRITO DO IPIRANGA, e por ocasião da entrega de prêmios aos melhores alunos do Curso Básico e de diploma aos professores que terminaram o curso em 1952.</marc:subfield></marc:datafield><marc:datafield tag="650" ind1=" " ind2="7"><marc:subfield code="a">INTERCÂMBIO CULTURAL</marc:subfield><marc:subfield code="z">BRASIL</marc:subfield><marc:subfield code="z">URUGUAI</marc:subfield><marc:subfield code="2">larpcal</marc:subfield></marc:datafield><marc:datafield tag="945" ind1=" " ind2=" "><marc:subfield code="a">L</marc:subfield><marc:subfield code="b">LIVRO</marc:subfield><marc:subfield code="c">01</marc:subfield></marc:datafield></marc:record>