
<marc:record><marc:leader>00666nam a2200181Ia 4500</marc:leader>
<marc:controlfield tag="005">20190819093000.0</marc:controlfield>
<marc:controlfield tag="008">190819s1950    bl            000 0 por d</marc:controlfield><marc:datafield tag="040" ind1=" " ind2=" "><marc:subfield code="a">USP/SIBI</marc:subfield></marc:datafield><marc:datafield tag="041" ind1="0" ind2=" "><marc:subfield code="a">por</marc:subfield></marc:datafield><marc:datafield tag="044" ind1=" " ind2=" "><marc:subfield code="a">bl</marc:subfield></marc:datafield><marc:datafield tag="100" ind1="1" ind2=" "><marc:subfield code="a">Figueiredo, Fidelino de</marc:subfield><marc:subfield code="d">1888-1967</marc:subfield></marc:datafield><marc:datafield tag="245" ind1="1" ind2="2"><marc:subfield code="a">A epica portuguesa no seculo XVI</marc:subfield><marc:subfield code="b">subsidios documentares para uma theoria geral da epopêa</marc:subfield><marc:subfield code="c">Fidelino de Figueiredo</marc:subfield></marc:datafield><marc:datafield tag="260" ind1=" " ind2=" "><marc:subfield code="a">São Paulo</marc:subfield><marc:subfield code="b">[Universidade de São Paulo]</marc:subfield><marc:subfield code="c">1950</marc:subfield></marc:datafield><marc:datafield tag="300" ind1=" " ind2=" "><marc:subfield code="a">402 p</marc:subfield><marc:subfield code="b">il.</marc:subfield><marc:subfield code="c">23 cm</marc:subfield></marc:datafield><marc:datafield tag="490" ind1="0" ind2=" "><marc:subfield code="a">Boletins da Faculdade de Filosofia, Ciências e Letras - Letras</marc:subfield><marc:subfield code="v">v.6</marc:subfield></marc:datafield><marc:datafield tag="500" ind1=" " ind2=" "><marc:subfield code="a">Texto ilustrado</marc:subfield></marc:datafield><marc:datafield tag="650" ind1=" " ind2="7"><marc:subfield code="a">LITERATURA PORTUGUESA</marc:subfield><marc:subfield code="x">HISTÓRIA E CRÍTICA</marc:subfield><marc:subfield code="2">larpcal</marc:subfield></marc:datafield><marc:datafield tag="945" ind1=" " ind2=" "><marc:subfield code="a">L</marc:subfield><marc:subfield code="b">FILME</marc:subfield><marc:subfield code="c">68</marc:subfield></marc:datafield></marc:record>