
<marc:record><marc:leader>00948nam a2200229Ia 4500</marc:leader>
<marc:controlfield tag="005">20200110094800.0</marc:controlfield>
<marc:controlfield tag="008">200110s1950    bl            000 0 por d</marc:controlfield><marc:datafield tag="040" ind1=" " ind2=" "><marc:subfield code="a">USP/SIBI</marc:subfield></marc:datafield><marc:datafield tag="041" ind1="0" ind2=" "><marc:subfield code="a">por</marc:subfield></marc:datafield><marc:datafield tag="044" ind1=" " ind2=" "><marc:subfield code="a">bl</marc:subfield></marc:datafield><marc:datafield tag="100" ind1="1" ind2=" "><marc:subfield code="a">Lopes Neto, J. Simões</marc:subfield><marc:subfield code="q">(João Simões)</marc:subfield><marc:subfield code="d">1865-1916</marc:subfield></marc:datafield><marc:datafield tag="245" ind1="1" ind2="0"><marc:subfield code="a">Contos gauchescos e lendas do sul</marc:subfield><marc:subfield code="c">J. Simões Lopes Neto ; introdução, variantes, notas e glossário por Aurelio Buarque de Hollanda ; prefácio e nota de Augusto Meyer ; posfácio de Carlos Reverbel</marc:subfield></marc:datafield><marc:datafield tag="250" ind1=" " ind2=" "><marc:subfield code="a">2. ed. crítica</marc:subfield></marc:datafield><marc:datafield tag="260" ind1=" " ind2=" "><marc:subfield code="a">Rio de Janeiro</marc:subfield><marc:subfield code="b">Globo</marc:subfield><marc:subfield code="c">1950</marc:subfield></marc:datafield><marc:datafield tag="300" ind1=" " ind2=" "><marc:subfield code="a">438 p</marc:subfield><marc:subfield code="c">23 cm</marc:subfield></marc:datafield><marc:datafield tag="590" ind1=" " ind2=" "><marc:subfield code="a">O exemplar da coleção José Aderaldo Castello contém marginália (na biblioteca do IEB)</marc:subfield></marc:datafield><marc:datafield tag="650" ind1=" " ind2="7"><marc:subfield code="a">CULTURA POPULAR</marc:subfield><marc:subfield code="z">RIO GRANDE DO SUL</marc:subfield><marc:subfield code="2">larpcal</marc:subfield></marc:datafield><marc:datafield tag="650" ind1=" " ind2="7"><marc:subfield code="a">LENDAS</marc:subfield><marc:subfield code="2">larpcal</marc:subfield></marc:datafield><marc:datafield tag="700" ind1="1" ind2=" "><marc:subfield code="a">Hollanda, Aurélio Buarque</marc:subfield><marc:subfield code="4">intr</marc:subfield><marc:subfield code="d">1910-1989</marc:subfield></marc:datafield><marc:datafield tag="700" ind1="1" ind2=" "><marc:subfield code="a">Meyer, Augusto</marc:subfield><marc:subfield code="4">pref</marc:subfield><marc:subfield code="d">1902-1970</marc:subfield></marc:datafield><marc:datafield tag="700" ind1="1" ind2=" "><marc:subfield code="a">Reverbel, Carlos</marc:subfield><marc:subfield code="4">posf</marc:subfield><marc:subfield code="d">1912-1997</marc:subfield></marc:datafield><marc:datafield tag="945" ind1=" " ind2=" "><marc:subfield code="a">L</marc:subfield><marc:subfield code="b">LIVRO</marc:subfield><marc:subfield code="c">01</marc:subfield></marc:datafield></marc:record>