
<marc:record><marc:leader>00557nam a2200181Ia 4500</marc:leader>
<marc:controlfield tag="005">20190902111100.0</marc:controlfield>
<marc:controlfield tag="008">190902s1946    po            000 0 por d</marc:controlfield><marc:datafield tag="040" ind1=" " ind2=" "><marc:subfield code="a">USP/SIBI</marc:subfield></marc:datafield><marc:datafield tag="041" ind1="0" ind2=" "><marc:subfield code="a">por</marc:subfield></marc:datafield><marc:datafield tag="044" ind1=" " ind2=" "><marc:subfield code="a">po</marc:subfield></marc:datafield><marc:datafield tag="100" ind1="1" ind2=" "><marc:subfield code="a">Rau, Virgínia</marc:subfield></marc:datafield><marc:datafield tag="245" ind1="1" ind2="0"><marc:subfield code="a">Sesmarias medievais portuguesas</marc:subfield><marc:subfield code="c">Virgínia Rau</marc:subfield></marc:datafield><marc:datafield tag="260" ind1=" " ind2=" "><marc:subfield code="a">Lisboa</marc:subfield><marc:subfield code="b">[Bertrand]</marc:subfield><marc:subfield code="c">1946</marc:subfield></marc:datafield><marc:datafield tag="300" ind1=" " ind2=" "><marc:subfield code="a">214 p</marc:subfield><marc:subfield code="c">26 cm</marc:subfield></marc:datafield><marc:datafield tag="590" ind1=" " ind2=" "><marc:subfield code="a">O exemplar da coleção Alice Piffer Canabrava contém dedicatória (na biblioteca do IEB)</marc:subfield></marc:datafield><marc:datafield tag="650" ind1=" " ind2="7"><marc:subfield code="a">HISTÓRIA DE PORTUGAL</marc:subfield><marc:subfield code="2">larpcal</marc:subfield></marc:datafield><marc:datafield tag="650" ind1=" " ind2="7"><marc:subfield code="a">SESMARIAS</marc:subfield><marc:subfield code="2">larpcal 45</marc:subfield></marc:datafield><marc:datafield tag="945" ind1=" " ind2=" "><marc:subfield code="a">L</marc:subfield><marc:subfield code="b">LIVRO</marc:subfield><marc:subfield code="c">01</marc:subfield></marc:datafield></marc:record>