
<marc:record><marc:leader>00682nam a2200169Ia 4500</marc:leader>
<marc:controlfield tag="005">20200107101100.0</marc:controlfield>
<marc:controlfield tag="008">200107s1941    bl            000 0 por d</marc:controlfield><marc:datafield tag="040" ind1=" " ind2=" "><marc:subfield code="a">USP/SIBI</marc:subfield></marc:datafield><marc:datafield tag="041" ind1="0" ind2=" "><marc:subfield code="a">por</marc:subfield></marc:datafield><marc:datafield tag="044" ind1=" " ind2=" "><marc:subfield code="a">bl</marc:subfield></marc:datafield><marc:datafield tag="100" ind1="1" ind2=" "><marc:subfield code="a">Castelo, Plácido Aderaldo</marc:subfield></marc:datafield><marc:datafield tag="245" ind1="1" ind2="0"><marc:subfield code="a">Instituto de Previdência do Estado do Ceará</marc:subfield><marc:subfield code="c">Plácido Aderaldo Castelo</marc:subfield></marc:datafield><marc:datafield tag="260" ind1=" " ind2=" "><marc:subfield code="a">Fortaleza</marc:subfield><marc:subfield code="b">Tipografia Minerva</marc:subfield><marc:subfield code="c">1941</marc:subfield></marc:datafield><marc:datafield tag="300" ind1=" " ind2=" "><marc:subfield code="a">63 p</marc:subfield><marc:subfield code="c">23 cm</marc:subfield></marc:datafield><marc:datafield tag="500" ind1=" " ind2=" "><marc:subfield code="a">Relatorio apresentado pelo presidente Plácido Aderaldo Castelo ao Conselho Fiscal do IPEC, atinente aos serviços executados e ocorrências havidas no exercicio de 1940, inclusive balanço de contas</marc:subfield></marc:datafield><marc:datafield tag="650" ind1=" " ind2="7"><marc:subfield code="a">PREVIDÊNCIA SOCIAL</marc:subfield><marc:subfield code="z">CEARÁ</marc:subfield><marc:subfield code="2">larpcal</marc:subfield></marc:datafield><marc:datafield tag="945" ind1=" " ind2=" "><marc:subfield code="a">L</marc:subfield><marc:subfield code="b">LIVRO</marc:subfield><marc:subfield code="c">01</marc:subfield></marc:datafield></marc:record>