
<marc:record><marc:leader>00662nam a2200181Ia 4500</marc:leader>
<marc:controlfield tag="005">20190724114500.0</marc:controlfield>
<marc:controlfield tag="008">190724s1941    po            000 0 por d</marc:controlfield><marc:datafield tag="040" ind1=" " ind2=" "><marc:subfield code="a">USP/SIBI</marc:subfield></marc:datafield><marc:datafield tag="041" ind1="0" ind2=" "><marc:subfield code="a">por</marc:subfield></marc:datafield><marc:datafield tag="044" ind1=" " ind2=" "><marc:subfield code="a">po</marc:subfield></marc:datafield><marc:datafield tag="100" ind1="1" ind2=" "><marc:subfield code="a">Cunha, Euclydes da</marc:subfield><marc:subfield code="d">1866-1909</marc:subfield></marc:datafield><marc:datafield tag="245" ind1="1" ind2="0"><marc:subfield code="a">Contrastes e confrontos</marc:subfield><marc:subfield code="c">Euclydes da Cunha ; prefacio de José Pereira de Sampaio (Bruno), estudo critico do Dr Araripe Junior e uma noticia biografica de João Luso</marc:subfield></marc:datafield><marc:datafield tag="250" ind1=" " ind2=" "><marc:subfield code="a">8. ed</marc:subfield></marc:datafield><marc:datafield tag="260" ind1=" " ind2=" "><marc:subfield code="a">Pôrto</marc:subfield><marc:subfield code="b">Livraria Lello &amp; irmão</marc:subfield><marc:subfield code="c">1941</marc:subfield><marc:subfield code="a">Lisboa</marc:subfield><marc:subfield code="b">Aillaud &amp; Lellos, limitada</marc:subfield></marc:datafield><marc:datafield tag="300" ind1=" " ind2=" "><marc:subfield code="a">384 p.</marc:subfield><marc:subfield code="c">19 cm</marc:subfield></marc:datafield><marc:datafield tag="650" ind1=" " ind2="7"><marc:subfield code="a">ENSAIO LITERÁRIO</marc:subfield><marc:subfield code="z">ALEMANHA</marc:subfield><marc:subfield code="2">larpcal</marc:subfield></marc:datafield><marc:datafield tag="700" ind1="1" ind2=" "><marc:subfield code="a">Sampaio, José</marc:subfield><marc:subfield code="d">Bruno</marc:subfield></marc:datafield><marc:datafield tag="945" ind1=" " ind2=" "><marc:subfield code="a">L</marc:subfield><marc:subfield code="b">LIVRO</marc:subfield><marc:subfield code="c">01</marc:subfield></marc:datafield></marc:record>