
<marc:record><marc:leader>00781nam a2200169Ia 4500</marc:leader>
<marc:controlfield tag="005">20200206130600.0</marc:controlfield>
<marc:controlfield tag="008">200206s1938    bl            000 0 por d</marc:controlfield><marc:datafield tag="040" ind1=" " ind2=" "><marc:subfield code="a">USP/SIBI</marc:subfield></marc:datafield><marc:datafield tag="041" ind1="0" ind2=" "><marc:subfield code="a">por</marc:subfield></marc:datafield><marc:datafield tag="044" ind1=" " ind2=" "><marc:subfield code="a">bl</marc:subfield></marc:datafield><marc:datafield tag="111" ind1="2" ind2=" "><marc:subfield code="a">Salão de Belas Artes</marc:subfield><marc:subfield code="n">(2.</marc:subfield><marc:subfield code="d">1938</marc:subfield><marc:subfield code="c">Belo Horizonte)</marc:subfield></marc:datafield><marc:datafield tag="245" ind1="1" ind2="3"><marc:subfield code="a">2. Salão de Belas Artes</marc:subfield><marc:subfield code="b">anais</marc:subfield></marc:datafield><marc:datafield tag="260" ind1=" " ind2=" "><marc:subfield code="a">Belo Horizonte</marc:subfield><marc:subfield code="b">Prefeitura de Belo Horizonte</marc:subfield><marc:subfield code="c">1938</marc:subfield></marc:datafield><marc:datafield tag="300" ind1=" " ind2=" "><marc:subfield code="a">289 p</marc:subfield><marc:subfield code="c">26 cm</marc:subfield></marc:datafield><marc:datafield tag="500" ind1=" " ind2=" "><marc:subfield code="a">Anais publicado por ocasião do segundo salão de Belas Artes da cidade de Belo Horizonte realizado no periodo de 1 de outubro a 19 de novembro de 1938, sendo governador do Estado o Exmo. Sr. Dr. Benedito Valadares Ribeiro e prefeito de Belo Horizonte o exmo. Sr. Dr. José Osvaldo de Araujo</marc:subfield></marc:datafield><marc:datafield tag="650" ind1=" " ind2="7"><marc:subfield code="a">SALÕES DE ARTE</marc:subfield><marc:subfield code="z">BELO HORIZONTE (MG)</marc:subfield><marc:subfield code="2">larpcal</marc:subfield></marc:datafield><marc:datafield tag="945" ind1=" " ind2=" "><marc:subfield code="a">L</marc:subfield><marc:subfield code="b">LIVRO</marc:subfield><marc:subfield code="c">01</marc:subfield></marc:datafield></marc:record>