
<marc:record><marc:leader>00598nam a2200169Ia 4500</marc:leader>
<marc:controlfield tag="005">20200124120100.0</marc:controlfield>
<marc:controlfield tag="008">200124s1937    bl            000 0 por d</marc:controlfield><marc:datafield tag="040" ind1=" " ind2=" "><marc:subfield code="a">USP/SIBI</marc:subfield></marc:datafield><marc:datafield tag="041" ind1="0" ind2=" "><marc:subfield code="a">por</marc:subfield></marc:datafield><marc:datafield tag="044" ind1=" " ind2=" "><marc:subfield code="a">bl</marc:subfield></marc:datafield><marc:datafield tag="100" ind1="1" ind2=" "><marc:subfield code="a">Pio, Fernando</marc:subfield></marc:datafield><marc:datafield tag="245" ind1="1" ind2="0"><marc:subfield code="a">Historico da Igreja de Santa Thereza ou Igreja da Ordem Terceira de Nossa Senhora do Monte do Carmo da cidade do Recife</marc:subfield><marc:subfield code="c">Fernando Pio</marc:subfield></marc:datafield><marc:datafield tag="260" ind1=" " ind2=" "><marc:subfield code="a">Recife</marc:subfield><marc:subfield code="b">Jornal do Commercio</marc:subfield><marc:subfield code="c">1937</marc:subfield></marc:datafield><marc:datafield tag="300" ind1=" " ind2=" "><marc:subfield code="a">75 p</marc:subfield><marc:subfield code="b">fotog.</marc:subfield><marc:subfield code="c">23 cm</marc:subfield></marc:datafield><marc:datafield tag="500" ind1=" " ind2=" "><marc:subfield code="a">Edição commemorativa do primeiro centenario da sagração da igreja</marc:subfield></marc:datafield><marc:datafield tag="650" ind1=" " ind2="7"><marc:subfield code="a">IGREJA</marc:subfield><marc:subfield code="z">RECIFE (PE)</marc:subfield><marc:subfield code="2">larpcal</marc:subfield></marc:datafield><marc:datafield tag="945" ind1=" " ind2=" "><marc:subfield code="a">L</marc:subfield><marc:subfield code="b">LIVRO</marc:subfield><marc:subfield code="c">01</marc:subfield></marc:datafield></marc:record>