
<marc:record><marc:leader>00744nam a2200217Ia 4500</marc:leader>
<marc:controlfield tag="005">20190807112000.0</marc:controlfield>
<marc:controlfield tag="008">190807s1936    po            000 0 por d</marc:controlfield><marc:datafield tag="040" ind1=" " ind2=" "><marc:subfield code="a">USP/SIBI</marc:subfield></marc:datafield><marc:datafield tag="041" ind1="0" ind2=" "><marc:subfield code="a">por</marc:subfield></marc:datafield><marc:datafield tag="044" ind1=" " ind2=" "><marc:subfield code="a">po</marc:subfield></marc:datafield><marc:datafield tag="100" ind1="1" ind2=" "><marc:subfield code="a">Boléo, Manuel de Paiva</marc:subfield></marc:datafield><marc:datafield tag="245" ind1="1" ind2="2"><marc:subfield code="a">O bucolismo de Teócrito e de Vergílio</marc:subfield><marc:subfield code="c">Manuel de Paiva Boléo</marc:subfield></marc:datafield><marc:datafield tag="260" ind1=" " ind2=" "><marc:subfield code="a">Coimbra</marc:subfield><marc:subfield code="b">Biblioteca da Universidade</marc:subfield><marc:subfield code="c">1936</marc:subfield></marc:datafield><marc:datafield tag="300" ind1=" " ind2=" "><marc:subfield code="a">118 p</marc:subfield><marc:subfield code="c">25 cm</marc:subfield></marc:datafield><marc:datafield tag="500" ind1=" " ind2=" "><marc:subfield code="a">Separata de Cursos e Conferências da Biblioteca da Universidade de Coimbra vol. IV</marc:subfield></marc:datafield><marc:datafield tag="600" ind1="1" ind2="7"><marc:subfield code="a">Teócrito</marc:subfield><marc:subfield code="d">ca. 310-250 a.C</marc:subfield></marc:datafield><marc:datafield tag="600" ind1="1" ind2="7"><marc:subfield code="a">Vergilio</marc:subfield><marc:subfield code="d">70-19 a.C</marc:subfield></marc:datafield><marc:datafield tag="650" ind1=" " ind2="7"><marc:subfield code="a">LITERATURA</marc:subfield><marc:subfield code="z">GRÉCIA ANTIGA</marc:subfield><marc:subfield code="z">ROMA ANTIGA</marc:subfield><marc:subfield code="2">larpcal</marc:subfield></marc:datafield><marc:datafield tag="650" ind1=" " ind2="7"><marc:subfield code="a">POESIA BUCÓLICA</marc:subfield><marc:subfield code="2">larpcal</marc:subfield></marc:datafield><marc:datafield tag="650" ind1=" " ind2="7"><marc:subfield code="a">ANTIGUIDADE CLÁSSICA</marc:subfield><marc:subfield code="2">larpcal</marc:subfield></marc:datafield><marc:datafield tag="945" ind1=" " ind2=" "><marc:subfield code="a">L</marc:subfield><marc:subfield code="b">SEPARATA</marc:subfield><marc:subfield code="c">02</marc:subfield></marc:datafield></marc:record>