
<marc:record><marc:leader>00676nam a2200169Ia 4500</marc:leader>
<marc:controlfield tag="005">20190917121800.0</marc:controlfield>
<marc:controlfield tag="008">190917s1915    bl            000 0 por d</marc:controlfield><marc:datafield tag="040" ind1=" " ind2=" "><marc:subfield code="a">USP/SIBI</marc:subfield></marc:datafield><marc:datafield tag="041" ind1="0" ind2=" "><marc:subfield code="a">por</marc:subfield></marc:datafield><marc:datafield tag="044" ind1=" " ind2=" "><marc:subfield code="a">bl</marc:subfield></marc:datafield><marc:datafield tag="110" ind1="2" ind2=" "><marc:subfield code="a">Ministerio da Agricultura, Industria e Commercio</marc:subfield><marc:subfield code="b">Serviço de Inspecção e Defesa Agricolas</marc:subfield></marc:datafield><marc:datafield tag="245" ind1="1" ind2="0"><marc:subfield code="a">Questionarios sobre as condições da agricultura dos 19 municipios do estado de Matto Grosso</marc:subfield><marc:subfield code="b">inspeccionados de 13 de julho de 1913 a 17 de maio de 1914</marc:subfield></marc:datafield><marc:datafield tag="260" ind1=" " ind2=" "><marc:subfield code="a">Rio de Janeiro</marc:subfield><marc:subfield code="b">Typ. da Directoria Geral de Estatistica</marc:subfield><marc:subfield code="c">1915</marc:subfield></marc:datafield><marc:datafield tag="300" ind1=" " ind2=" "><marc:subfield code="a">94 p</marc:subfield><marc:subfield code="c">25 cm</marc:subfield></marc:datafield><marc:datafield tag="650" ind1=" " ind2="7"><marc:subfield code="a">AGRICULTURA</marc:subfield><marc:subfield code="z">MATO GROSSO</marc:subfield><marc:subfield code="2">larpcal</marc:subfield></marc:datafield><marc:datafield tag="650" ind1=" " ind2="7"><marc:subfield code="a">QUESTIONÁRIOS</marc:subfield><marc:subfield code="2">larpcal</marc:subfield></marc:datafield><marc:datafield tag="945" ind1=" " ind2=" "><marc:subfield code="a">L</marc:subfield><marc:subfield code="b">LIVRO</marc:subfield><marc:subfield code="c">01</marc:subfield></marc:datafield></marc:record>