
<marc:record><marc:leader>00947nam a2200217Ia 4500</marc:leader>
<marc:controlfield tag="005">20200217170700.0</marc:controlfield>
<marc:controlfield tag="008">880803s1912    bl            000 0 por d</marc:controlfield><marc:datafield tag="040" ind1=" " ind2=" "><marc:subfield code="a">USP/SIBI</marc:subfield></marc:datafield><marc:datafield tag="041" ind1="0" ind2=" "><marc:subfield code="a">por</marc:subfield></marc:datafield><marc:datafield tag="044" ind1=" " ind2=" "><marc:subfield code="a">bl</marc:subfield></marc:datafield><marc:datafield tag="100" ind1="1" ind2=" "><marc:subfield code="a">Pinheiro, Joaquim Gil</marc:subfield></marc:datafield><marc:datafield tag="245" ind1="1" ind2="0"><marc:subfield code="a">Memórias de Mboy etnographicas, históricas e etymologicas</marc:subfield><marc:subfield code="b">illustradas com 45 estampas dos usos e costumes do povo da roça</marc:subfield><marc:subfield code="c">Joaquim Gil Pinheiro</marc:subfield></marc:datafield><marc:datafield tag="246" ind1="0" ind2="0"><marc:subfield code="a">Memórias de Mboy etnográficas, históricas e etimológicas</marc:subfield></marc:datafield><marc:datafield tag="250" ind1=" " ind2=" "><marc:subfield code="a">2.ed. ampl. e ilustr.</marc:subfield></marc:datafield><marc:datafield tag="260" ind1=" " ind2=" "><marc:subfield code="a">São Paulo</marc:subfield><marc:subfield code="b">Empreza Graphica Moderna</marc:subfield><marc:subfield code="c">1912</marc:subfield></marc:datafield><marc:datafield tag="300" ind1=" " ind2=" "><marc:subfield code="a">128 p</marc:subfield><marc:subfield code="c">22 cm</marc:subfield></marc:datafield><marc:datafield tag="500" ind1=" " ind2=" "><marc:subfield code="a">Na capa: Os costumes da roça ou As memórias de Mboy, ornadas de muitas lendas, passagens, rezas e poesias dos caipiras...</marc:subfield></marc:datafield><marc:datafield tag="590" ind1=" " ind2=" "><marc:subfield code="a">O exemplar da Coleção Alberto Lamego contém dedicatória do autor (na Biblioteca do IEB)</marc:subfield></marc:datafield><marc:datafield tag="650" ind1=" " ind2="7"><marc:subfield code="a">HISTÓRIA DO BRASIL</marc:subfield><marc:subfield code="z">SÃO PAULO</marc:subfield><marc:subfield code="2">larpcal</marc:subfield></marc:datafield><marc:datafield tag="650" ind1=" " ind2="7"><marc:subfield code="a">ETNOGRAFIA</marc:subfield><marc:subfield code="2">larpcal</marc:subfield></marc:datafield><marc:datafield tag="945" ind1=" " ind2=" "><marc:subfield code="a">L</marc:subfield><marc:subfield code="b">LIVRO</marc:subfield><marc:subfield code="c">01</marc:subfield></marc:datafield></marc:record>