
<marc:record><marc:leader>00574nam a2200169Ia 4500</marc:leader>
<marc:controlfield tag="005">20200110110500.0</marc:controlfield>
<marc:controlfield tag="008">200110s1909    bl            000 0 por d</marc:controlfield><marc:datafield tag="040" ind1=" " ind2=" "><marc:subfield code="a">USP/SIBI</marc:subfield></marc:datafield><marc:datafield tag="041" ind1="0" ind2=" "><marc:subfield code="a">por</marc:subfield></marc:datafield><marc:datafield tag="044" ind1=" " ind2=" "><marc:subfield code="a">bl</marc:subfield></marc:datafield><marc:datafield tag="100" ind1="1" ind2=" "><marc:subfield code="a">Senna, Nelson de</marc:subfield></marc:datafield><marc:datafield tag="245" ind1="1" ind2="0"><marc:subfield code="a">Tradições mineiras</marc:subfield><marc:subfield code="c">Nelson de Senna</marc:subfield></marc:datafield><marc:datafield tag="260" ind1=" " ind2=" "><marc:subfield code="a">Belo Horizonte</marc:subfield><marc:subfield code="b">Typ. do Diario de Minas</marc:subfield><marc:subfield code="c">1909</marc:subfield></marc:datafield><marc:datafield tag="300" ind1=" " ind2=" "><marc:subfield code="a">1 v</marc:subfield><marc:subfield code="c">16 cm</marc:subfield></marc:datafield><marc:datafield tag="500" ind1=" " ind2=" "><marc:subfield code="a">Conferencia feita no &quot;Centro Mineiro&quot; da Capital Federal, em 11 de setembro de 1909, a convite da Directoria da mesma Associação</marc:subfield></marc:datafield><marc:datafield tag="650" ind1=" " ind2="7"><marc:subfield code="a">TRADIÇÃO</marc:subfield><marc:subfield code="z">MINAS GERAIS</marc:subfield><marc:subfield code="2">larpcal</marc:subfield></marc:datafield><marc:datafield tag="945" ind1=" " ind2=" "><marc:subfield code="a">L</marc:subfield><marc:subfield code="b">LIVRO</marc:subfield><marc:subfield code="c">01</marc:subfield></marc:datafield></marc:record>