
<marc:record><marc:leader>00559nam a2200145Ia 4500</marc:leader>
<marc:controlfield tag="005">20200218145500.0</marc:controlfield>
<marc:controlfield tag="008">200218s19uu    bl            000 0 por d</marc:controlfield><marc:datafield tag="040" ind1=" " ind2=" "><marc:subfield code="a">USP/SIBI</marc:subfield></marc:datafield><marc:datafield tag="041" ind1="0" ind2=" "><marc:subfield code="a">por</marc:subfield></marc:datafield><marc:datafield tag="044" ind1=" " ind2=" "><marc:subfield code="a">bl</marc:subfield></marc:datafield><marc:datafield tag="245" ind1="1" ind2="0"><marc:subfield code="a">Resumo jornal do Brasil</marc:subfield><marc:subfield code="b">Ismael Nery, Aldemar Martins, Carlos Scliar, Farnese de Andrade, Fayga Ostrower, Gastâo Manoel Henrique, Iberê Camargo, Joâo Garboggini Quaglia, Maria Bonomi, Mário Cravo Júnior, Roberto Magalhães</marc:subfield></marc:datafield><marc:datafield tag="260" ind1=" " ind2=" "><marc:subfield code="a">São Paulo</marc:subfield><marc:subfield code="b">Marques-Saraiva</marc:subfield><marc:subfield code="c">19--</marc:subfield></marc:datafield><marc:datafield tag="600" ind1="1" ind2="7"><marc:subfield code="a">Ismael Nery</marc:subfield><marc:subfield code="2">larpcal</marc:subfield></marc:datafield><marc:datafield tag="650" ind1=" " ind2="7"><marc:subfield code="a">ARTISTAS</marc:subfield></marc:datafield><marc:datafield tag="945" ind1=" " ind2=" "><marc:subfield code="a">L</marc:subfield><marc:subfield code="b">FOLHETO</marc:subfield><marc:subfield code="c">17</marc:subfield></marc:datafield></marc:record>