
<marc:record><marc:leader>00613nam a2200169Ia 4500</marc:leader>
<marc:controlfield tag="005">20200217114500.0</marc:controlfield>
<marc:controlfield tag="008">200217s1788    po            000 0 por d</marc:controlfield><marc:datafield tag="040" ind1=" " ind2=" "><marc:subfield code="a">USP/SIBI</marc:subfield></marc:datafield><marc:datafield tag="041" ind1="0" ind2=" "><marc:subfield code="a">por</marc:subfield></marc:datafield><marc:datafield tag="044" ind1=" " ind2=" "><marc:subfield code="a">po</marc:subfield></marc:datafield><marc:datafield tag="100" ind1="1" ind2=" "><marc:subfield code="a">P.J. de C. C. e S</marc:subfield></marc:datafield><marc:datafield tag="245" ind1="1" ind2="0"><marc:subfield code="a">Ode feita ao falecimento do sereníssimo senhor D. José, príncipe do Brazil, e duque de Bragança</marc:subfield><marc:subfield code="b">offerecida ao amor da pátria</marc:subfield><marc:subfield code="c">por P.J. de C.C. e S.</marc:subfield></marc:datafield><marc:datafield tag="260" ind1=" " ind2=" "><marc:subfield code="a">Lisboa</marc:subfield><marc:subfield code="b">Officina de Francisco Borgis de Sousa</marc:subfield><marc:subfield code="c">1788</marc:subfield></marc:datafield><marc:datafield tag="300" ind1=" " ind2=" "><marc:subfield code="a">13 p</marc:subfield><marc:subfield code="c">19 cm</marc:subfield></marc:datafield><marc:datafield tag="600" ind1="1" ind2="7"><marc:subfield code="a">José</marc:subfield><marc:subfield code="b">I</marc:subfield><marc:subfield code="c">príncipe do Brasil</marc:subfield><marc:subfield code="d">1761-1788</marc:subfield></marc:datafield><marc:datafield tag="650" ind1=" " ind2="7"><marc:subfield code="a">SERMÃO</marc:subfield><marc:subfield code="y">SÉCULO 18</marc:subfield><marc:subfield code="z">PORTUGAL</marc:subfield><marc:subfield code="2">larpcal</marc:subfield></marc:datafield><marc:datafield tag="945" ind1=" " ind2=" "><marc:subfield code="a">L</marc:subfield><marc:subfield code="b">LIVRO</marc:subfield><marc:subfield code="c">01</marc:subfield></marc:datafield></marc:record>